<?xml version="1.0" encoding="UTF-8"?>
<!DOCTYPE html PUBLIC "-//W3C//DTD XHTML 1.0 Transitional//EN"
    "http://www.w3.org/TR/xhtml1/DTD/xhtml1-transitional.dtd">
<html xmlns="http://www.w3.org/1999/xhtml" xml:lang="en" lang="en">
 <head>
  <title>
</title>
<meta http-equiv="Content-Type" content="text/html;charset=utf-8" />
  <meta name='ocr-system' content='tesseract 3.04.00' />
  <meta name='ocr-capabilities' content='ocr_page ocr_carea ocr_par ocr_line ocrx_word'/>
</head>
<body>
  <div class='ocr_page' id='page_1' title='image "./deplauticorrept00eschgoog_0120.png"; bbox 0 0 2904 4710; ppageno 0'>
   <div class='ocr_carea' id='block_1_1' title="bbox 706 277 766 336">
    <p class='ocr_par' dir='ltr' id='par_1_1' title="bbox 706 277 766 336">
     <span class='ocr_line' id='line_1_1' title="bbox 706 277 766 336; baseline 0 0"><span class='ocrx_word' id='word_1_1' title='bbox 706 277 766 336; x_wconf 87' lang='grc'>115</span> 
     </span>
    </p>
   </div>
   <div class='ocr_carea' id='block_1_2' title="bbox 106 466 1357 4173">
    <p class='ocr_par' dir='ltr' id='par_1_2' title="bbox 106 466 1357 3009">
     <span class='ocr_line' id='line_1_2' title="bbox 106 466 1322 540; baseline -0.002 -7"><span class='ocrx_word' id='word_1_2' title='bbox 106 535 108 540; x_wconf 27' lang='lat'><em>2</em></span> <span class='ocrx_word' id='word_1_3' title='bbox 149 492 260 533; x_wconf 86' lang='lat' dir='ltr'>sensus</span> <span class='ocrx_word' id='word_1_4' title='bbox 277 468 354 531; x_wconf 91' lang='lat' dir='ltr'>mihi</span> <span class='ocrx_word' id='word_1_5' title='bbox 375 468 462 533; x_wconf 91' lang='lat' dir='ltr'>nullo</span> <span class='ocrx_word' id='word_1_6' title='bbox 478 468 572 533; x_wconf 92' lang='lat' dir='ltr'>modo</span> <span class='ocrx_word' id='word_1_7' title='bbox 595 469 746 533; x_wconf 83' lang='lat' dir='ltr'>fortuitus</span> <span class='ocrx_word' id='word_1_8' title='bbox 771 469 897 533; x_wconf 88' lang='lat' dir='ltr'>videtur</span> <span class='ocrx_word' id='word_1_9' title='bbox 920 491 991 532; x_wconf 92' lang='lat' dir='ltr'>cum</span> <span class='ocrx_word' id='word_1_10' title='bbox 1016 491 1056 532; x_wconf 85' lang='lat' dir='ltr'>ex</span> <span class='ocrx_word' id='word_1_11' title='bbox 1079 491 1137 531; x_wconf 90' lang='lat' dir='ltr'>usu</span> <span class='ocrx_word' id='word_1_12' title='bbox 1162 466 1322 531; x_wconf 88' lang='lat' dir='ltr'>cotidiano</span> 
     </span>
     <span class='ocr_line' id='line_1_3' title="bbox 150 574 1322 662; baseline -0.001 -22"><span class='ocrx_word' id='word_1_13' title='bbox 150 575 335 641; x_wconf 87' lang='lat' dir='ltr'>enuntiandi</span> <span class='ocrx_word' id='word_1_14' title='bbox 356 576 436 640; x_wconf 85' lang='lat' dir='ltr'>tales</span> <span class='ocrx_word' id='word_1_15' title='bbox 461 578 675 662; x_wconf 82' lang='lat' dir='ltr'>correptiones</span> <span class='ocrx_word' id='word_1_16' title='bbox 698 575 848 640; x_wconf 79' lang='lat' dir='ltr'><strong>facillime</strong></span> <span class='ocrx_word' id='word_1_17' title='bbox 871 575 1014 660; x_wconf 76' lang='lat' dir='ltr'>intellegi</span> <span class='ocrx_word' id='word_1_18' title='bbox 1037 577 1172 660; x_wconf 80' lang='lat' dir='ltr'>possint.</span> <span class='ocrx_word' id='word_1_19' title='bbox 1215 574 1322 640; x_wconf 88' lang='lat' dir='ltr'>Unus-</span> 
     </span>
     <span class='ocr_line' id='line_1_4' title="bbox 149 683 1322 769; baseline 0 -24"><span class='ocrx_word' id='word_1_20' title='bbox 149 684 283 768; x_wconf 88' lang='lat' dir='ltr'>quisque</span> <span class='ocrx_word' id='word_1_21' title='bbox 306 684 388 746; x_wconf 90' lang='lat' dir='ltr'>enim</span> <span class='ocrx_word' id='word_1_22' title='bbox 410 683 489 747; x_wconf 86' lang='lat' dir='ltr'>tales</span> <span class='ocrx_word' id='word_1_23' title='bbox 507 683 643 769; x_wconf 80' lang='lat' dir='ltr'>syllabas</span> <span class='ocrx_word' id='word_1_24' title='bbox 664 685 730 747; x_wconf 90' lang='lat' dir='ltr'>ictu</span> <span class='ocrx_word' id='word_1_25' title='bbox 750 693 944 767; x_wconf 88' lang='lat' dir='ltr'>accentuque</span> <span class='ocrx_word' id='word_1_26' title='bbox 961 693 1113 758; x_wconf 83' lang='lat' dir='ltr'>carentes,</span> <span class='ocrx_word' id='word_1_27' title='bbox 1138 684 1322 768; x_wconf 85' lang='lat' dir='ltr'>praesertim</span> 
     </span>
     <span class='ocr_line' id='line_1_5' title="bbox 150 789 1322 876; baseline -0.001 -22"><span class='ocrx_word' id='word_1_28' title='bbox 150 813 221 854; x_wconf 92' lang='lat' dir='ltr'>cum</span> <span class='ocrx_word' id='word_1_29' title='bbox 253 789 315 854; x_wconf 88' lang='lat' dir='ltr'>alia</span> <span class='ocrx_word' id='word_1_30' title='bbox 346 791 413 853; x_wconf 90' lang='lat' dir='ltr'>ictu</span> <span class='ocrx_word' id='word_1_31' title='bbox 446 798 621 855; x_wconf 89' lang='lat' dir='ltr'>accentuve</span> <span class='ocrx_word' id='word_1_32' title='bbox 654 790 798 876; x_wconf 87' lang='lat' dir='ltr'>praedita</span> <span class='ocrx_word' id='word_1_33' title='bbox 831 791 977 875; x_wconf 87' lang='lat' dir='ltr'>proxima</span> <span class='ocrx_word' id='word_1_34' title='bbox 1012 791 1066 866; x_wconf 90' lang='lat' dir='ltr'>sit,</span> <span class='ocrx_word' id='word_1_35' title='bbox 1100 791 1162 854; x_wconf 89' lang='lat' dir='ltr'>nisi</span> <span class='ocrx_word' id='word_1_36' title='bbox 1198 791 1322 874; x_wconf 82' lang='lat' dir='ltr'>egregie</span> 
     </span>
     <span class='ocr_line' id='line_1_6' title="bbox 107 896 1323 983; baseline -0.002 -22"><span class='ocrx_word' id='word_1_37' title='bbox 107 918 109 922; x_wconf 68' lang='grc'><strong>“</strong></span> <span class='ocrx_word' id='word_1_38' title='bbox 142 919 275 982; x_wconf 56' lang='lat' dir='ltr'>‘operam</span> <span class='ocrx_word' id='word_1_39' title='bbox 300 896 367 971; x_wconf 91' lang='lat' dir='ltr'>dat,</span> <span class='ocrx_word' id='word_1_40' title='bbox 400 906 436 960; x_wconf 91' lang='lat' dir='ltr'>ut</span> <span class='ocrx_word' id='word_1_41' title='bbox 457 897 567 983; x_wconf 88' lang='lat' dir='ltr'>longas</span> <span class='ocrx_word' id='word_1_42' title='bbox 590 899 788 982; x_wconf 84' lang='lat' dir='ltr'>pronuntiet,</span> <span class='ocrx_word' id='word_1_43' title='bbox 818 899 993 982; x_wconf 86' lang='lat' dir='ltr'>quantitate</span> <span class='ocrx_word' id='word_1_44' title='bbox 1025 906 1151 961; x_wconf 87' lang='lat' dir='ltr'>servata</span> <span class='ocrx_word' id='word_1_45' title='bbox 1178 919 1240 959; x_wconf 93' lang='lat' dir='ltr'>non</span> <span class='ocrx_word' id='word_1_46' title='bbox 1269 919 1323 960; x_wconf 88' lang='lat' dir='ltr'>ex-</span> 
     </span>
     <span class='ocr_line' id='line_1_7' title="bbox 149 1002 1322 1090; baseline -0.002 -23"><span class='ocrx_word' id='word_1_47' title='bbox 149 1005 265 1089; x_wconf 88' lang='lat' dir='ltr'>primit,</span> <span class='ocrx_word' id='word_1_48' title='bbox 288 1004 345 1067; x_wconf 88' lang='lat' dir='ltr'>sed</span> <span class='ocrx_word' id='word_1_49' title='bbox 369 1026 422 1068; x_wconf 85' lang='lat' dir='ltr'>eas</span> <span class='ocrx_word' id='word_1_50' title='bbox 446 1026 546 1090; x_wconf 88' lang='lat' dir='ltr'>paene</span> <span class='ocrx_word' id='word_1_51' title='bbox 570 1006 801 1090; x_wconf 87' lang='lat' dir='ltr'>praetermittit.</span> <span class='ocrx_word' id='word_1_52' title='bbox 840 1004 896 1068; x_wconf 87' lang='lat' dir='ltr'>Ab</span> <span class='ocrx_word' id='word_1_53' title='bbox 921 1026 1064 1068; x_wconf 87' lang='lat' dir='ltr'>sermone</span> <span class='ocrx_word' id='word_1_54' title='bbox 1084 1004 1200 1067; x_wconf 89' lang='lat' dir='ltr'>Latino</span> <span class='ocrx_word' id='word_1_55' title='bbox 1217 1002 1322 1067; x_wconf 87' lang='lat' dir='ltr'>Plauti</span> 
     </span>
     <span class='ocr_line' id='line_1_8' title="bbox 150 1110 1321 1197; baseline -0.003 -22"><span class='ocrx_word' id='word_1_56' title='bbox 150 1119 253 1175; x_wconf 87' lang='lat' dir='ltr'>aetate</span> <span class='ocrx_word' id='word_1_57' title='bbox 269 1110 354 1174; x_wconf 90' lang='lat' dir='ltr'>hunc</span> <span class='ocrx_word' id='word_1_58' title='bbox 371 1134 461 1175; x_wconf 91' lang='lat' dir='ltr'>usum</span> <span class='ocrx_word' id='word_1_59' title='bbox 476 1134 539 1186; x_wconf 89' lang='lat' dir='ltr'>non</span> <span class='ocrx_word' id='word_1_60' title='bbox 557 1111 723 1177; x_wconf 85' lang='lat' dir='ltr'>abhorrere</span> <span class='ocrx_word' id='word_1_61' title='bbox 745 1111 820 1176; x_wconf 89' lang='lat' dir='ltr'>inde</span> <span class='ocrx_word' id='word_1_62' title='bbox 836 1120 976 1197; x_wconf 86' lang='lat' dir='ltr'>apparet,</span> <span class='ocrx_word' id='word_1_63' title='bbox 1000 1110 1086 1196; x_wconf 92' lang='lat' dir='ltr'>quod</span> <span class='ocrx_word' id='word_1_64' title='bbox 1101 1111 1321 1173; x_wconf 91' lang='lat' dir='ltr'>nonnullorum</span> 
     </span>
     <span class='ocr_line' id='line_1_9' title="bbox 149 1217 1323 1305; baseline -0.002 -23"><span class='ocrx_word' id='word_1_65' title='bbox 149 1217 376 1283; x_wconf 86' lang='lat' dir='ltr'>vocabulorum</span> <span class='ocrx_word' id='word_1_66' title='bbox 409 1217 508 1282; x_wconf 89' lang='lat' dir='ltr'>altera</span> <span class='ocrx_word' id='word_1_67' title='bbox 541 1219 673 1305; x_wconf 85' lang='lat' dir='ltr'>syllaba,</span> <span class='ocrx_word' id='word_1_68' title='bbox 706 1242 786 1303; x_wconf 89' lang='lat' dir='ltr'>quac</span> <span class='ocrx_word' id='word_1_69' title='bbox 819 1227 954 1282; x_wconf 89' lang='lat' dir='ltr'>accentu</span> <span class='ocrx_word' id='word_1_70' title='bbox 984 1217 1126 1304; x_wconf 91' lang='lat' dir='ltr'>praedita</span> <span class='ocrx_word' id='word_1_71' title='bbox 1154 1240 1216 1280; x_wconf 93' lang='lat' dir='ltr'>non</span> <span class='ocrx_word' id='word_1_72' title='bbox 1248 1226 1323 1296; x_wconf 86' lang='lat' dir='ltr'>crat,</span> 
     </span>
     <span class='ocr_line' id='line_1_10' title="bbox 150 1324 1324 1410; baseline -0.002 -22"><span class='ocrx_word' id='word_1_73' title='bbox 150 1325 243 1410; x_wconf 87' lang='lat' dir='ltr'>plane</span> <span class='ocrx_word' id='word_1_74' title='bbox 267 1327 404 1395; x_wconf 87' lang='lat' dir='ltr'>evanuit.</span> <span class='ocrx_word' id='word_1_75' title='bbox 442 1324 531 1402; x_wconf 78' lang='lat' dir='ltr'>Quid</span> <span class='ocrx_word' id='word_1_76' title='bbox 553 1327 667 1389; x_wconf 91' lang='lat' dir='ltr'>mirum</span> <span class='ocrx_word' id='word_1_77' title='bbox 691 1325 839 1389; x_wconf 89' lang='lat' dir='ltr'>Plautum</span> <span class='ocrx_word' id='word_1_78' title='bbox 863 1324 941 1389; x_wconf 86' lang='lat' dir='ltr'>haec</span> <span class='ocrx_word' id='word_1_79' title='bbox 966 1324 1130 1402; x_wconf 87' lang='lat' dir='ltr'>vocabula,</span> <span class='ocrx_word' id='word_1_80' title='bbox 1154 1347 1233 1409; x_wconf 87' lang='lat' dir='ltr'>quae</span> <span class='ocrx_word' id='word_1_81' title='bbox 1258 1346 1324 1387; x_wconf 89' lang='lat' dir='ltr'>om-</span> 
     </span>
     <span class='ocr_line' id='line_1_11' title="bbox 150 1431 1322 1519; baseline -0.002 -24"><span class='ocrx_word' id='word_1_82' title='bbox 150 1433 224 1495; x_wconf 89' lang='lat' dir='ltr'>nino</span> <span class='ocrx_word' id='word_1_83' title='bbox 258 1431 307 1496; x_wconf 66' lang='lat' dir='ltr'>adl</span> <span class='ocrx_word' id='word_1_84' title='bbox 335 1454 445 1497; x_wconf 89' lang='lat' dir='ltr'>versus</span> <span class='ocrx_word' id='word_1_85' title='bbox 480 1433 654 1519; x_wconf 81' lang='lat' dir='ltr'>perpolitus</span> <span class='ocrx_word' id='word_1_86' title='bbox 687 1432 867 1496; x_wconf 90' lang='lat' dir='ltr'>reddendos</span> <span class='ocrx_word' id='word_1_87' title='bbox 900 1434 1029 1496; x_wconf 89' lang='lat' dir='ltr'>minime</span> <span class='ocrx_word' id='word_1_88' title='bbox 1062 1441 1136 1518; x_wconf 89' lang='lat' dir='ltr'>apta</span> <span class='ocrx_word' id='word_1_89' title='bbox 1169 1441 1256 1510; x_wconf 89' lang='lat' dir='ltr'>sunt,</span> <span class='ocrx_word' id='word_1_90' title='bbox 1290 1432 1322 1494; x_wconf 91' lang='lat' dir='ltr'>in</span> 
     </span>
     <span class='ocr_line' id='line_1_12' title="bbox 150 1538 1323 1625; baseline 0 -24"><span class='ocrx_word' id='word_1_91' title='bbox 150 1538 263 1624; x_wconf 87' lang='lat' dir='ltr'>quibus</span> <span class='ocrx_word' id='word_1_92' title='bbox 287 1538 386 1603; x_wconf 90' lang='lat' dir='ltr'>altera</span> <span class='ocrx_word' id='word_1_93' title='bbox 408 1539 502 1625; x_wconf 90' lang='lat' dir='ltr'>longa</span> <span class='ocrx_word' id='word_1_94' title='bbox 526 1562 588 1603; x_wconf 92' lang='lat' dir='ltr'>non</span> <span class='ocrx_word' id='word_1_95' title='bbox 612 1539 652 1604; x_wconf 94' lang='lat' dir='ltr'>ad</span> <span class='ocrx_word' id='word_1_96' title='bbox 676 1550 811 1603; x_wconf 90' lang='lat' dir='ltr'>metrum</span> <span class='ocrx_word' id='word_1_97' title='bbox 836 1539 1020 1624; x_wconf 86' lang='lat' dir='ltr'>quadrabat,</span> <span class='ocrx_word' id='word_1_98' title='bbox 1048 1548 1081 1603; x_wconf 91' lang='lat' dir='ltr'>at</span> <span class='ocrx_word' id='word_1_99' title='bbox 1103 1539 1210 1603; x_wconf 88' lang='lat' dir='ltr'>brevis</span> <span class='ocrx_word' id='word_1_100' title='bbox 1235 1561 1323 1602; x_wconf 90' lang='lat' dir='ltr'>usur-</span> 
     </span>
     <span class='ocr_line' id='line_1_13' title="bbox 149 1634 1324 1732; baseline -0.001 -22"><span class='ocrx_word' id='word_1_101' title='bbox 149 1654 223 1731; x_wconf 86' lang='lat' dir='ltr'>pata</span> <span class='ocrx_word' id='word_1_102' title='bbox 246 1634 363 1710; x_wconf 86' lang='lat' dir='ltr'>versus</span> <span class='ocrx_word' id='word_1_103' title='bbox 377 1646 553 1726; x_wconf 86' lang='lat' dir='ltr'>efficiebat,</span> <span class='ocrx_word' id='word_1_104' title='bbox 584 1646 757 1711; x_wconf 89' lang='lat' dir='ltr'>secundum</span> <span class='ocrx_word' id='word_1_105' title='bbox 781 1647 875 1732; x_wconf 91' lang='lat' dir='ltr'>paulo</span> <span class='ocrx_word' id='word_1_106' title='bbox 900 1648 1113 1710; x_wconf 88' lang='lat' dir='ltr'>remissiorem</span> <span class='ocrx_word' id='word_1_107' title='bbox 1136 1668 1227 1710; x_wconf 91' lang='lat' dir='ltr'>usum</span> <span class='ocrx_word' id='word_1_108' title='bbox 1250 1668 1324 1731; x_wconf 88' lang='lat' dir='ltr'>pro-</span> 
     </span>
     <span class='ocr_line' id='line_1_14' title="bbox 150 1743 1323 1838; baseline 0 -22"><span class='ocrx_word' id='word_1_109' title='bbox 150 1753 315 1816; x_wconf 91' lang='lat' dir='ltr'>nuntiandi</span> <span class='ocrx_word' id='word_1_110' title='bbox 339 1743 544 1818; x_wconf 82' lang='lat' dir='ltr'>adhibuisse?</span> <span class='ocrx_word' id='word_1_111' title='bbox 578 1755 627 1818; x_wconf 81' lang='lat' dir='ltr'>Eo</span> <span class='ocrx_word' id='word_1_112' title='bbox 651 1756 754 1817; x_wconf 91' lang='lat' dir='ltr'>minus</span> <span class='ocrx_word' id='word_1_113' title='bbox 779 1755 892 1816; x_wconf 92' lang='lat' dir='ltr'>mirum</span> <span class='ocrx_word' id='word_1_114' title='bbox 917 1763 974 1832; x_wconf 84' lang='lat' dir='ltr'>cst,</span> <span class='ocrx_word' id='word_1_115' title='bbox 997 1753 1082 1838; x_wconf 89' lang='lat' dir='ltr'>quod</span> <span class='ocrx_word' id='word_1_116' title='bbox 1099 1753 1231 1817; x_wconf 86' lang='lat' dir='ltr'>Plautus</span> <span class='ocrx_word' id='word_1_117' title='bbox 1254 1755 1323 1838; x_wconf 90' lang='lat' dir='ltr'>ipse</span> 
     </span>
     <span class='ocr_line' id='line_1_15' title="bbox 150 1859 1322 1946; baseline 0.001 -24"><span class='ocrx_word' id='word_1_118' title='bbox 150 1859 244 1924; x_wconf 92' lang='lat' dir='ltr'>homo</span> <span class='ocrx_word' id='word_1_119' title='bbox 267 1863 404 1925; x_wconf 89' lang='lat' dir='ltr'>rusticus</span> <span class='ocrx_word' id='word_1_120' title='bbox 429 1870 496 1925; x_wconf 90' lang='lat' dir='ltr'>erat</span> <span class='ocrx_word' id='word_1_121' title='bbox 519 1869 551 1925; x_wconf 91' lang='lat' dir='ltr'>et</span> <span class='ocrx_word' id='word_1_122' title='bbox 573 1861 698 1926; x_wconf 77' lang='lat' dir='ltr'>fabulas</span> <span class='ocrx_word' id='word_1_123' title='bbox 723 1861 765 1925; x_wconf 88' lang='lat' dir='ltr'>ad</span> <span class='ocrx_word' id='word_1_124' title='bbox 787 1860 1008 1925; x_wconf 82' lang='lat' dir='ltr'>delectandum</span> <span class='ocrx_word' id='word_1_125' title='bbox 1032 1860 1167 1946; x_wconf 89' lang='lat' dir='ltr'>plebem,</span> <span class='ocrx_word' id='word_1_126' title='bbox 1196 1883 1259 1923; x_wconf 90' lang='lat' dir='ltr'>non</span> <span class='ocrx_word' id='word_1_127' title='bbox 1282 1860 1322 1924; x_wconf 88' lang='lat' dir='ltr'>ad</span> 
     </span>
     <span class='ocr_line' id='line_1_16' title="bbox 150 1966 1322 2055; baseline 0 -25"><span class='ocrx_word' id='word_1_128' title='bbox 150 1967 355 2032; x_wconf 89' lang='lat' dir='ltr'>delectandos</span> <span class='ocrx_word' id='word_1_129' title='bbox 379 1966 501 2032; x_wconf 89' lang='lat' dir='ltr'>nobiles</span> <span class='ocrx_word' id='word_1_130' title='bbox 524 1970 712 2055; x_wconf 81' lang='lat' dir='ltr'>composuit.</span> <span class='ocrx_word' id='word_1_131' title='bbox 759 1967 837 2048; x_wconf 79' lang='lat' dir='ltr'>sed,</span> <span class='ocrx_word' id='word_1_132' title='bbox 868 1977 904 2032; x_wconf 88' lang='lat' dir='ltr'>ut</span> <span class='ocrx_word' id='word_1_133' title='bbox 933 1991 950 2032; x_wconf 88' lang='lat' dir='ltr'>e</span> <span class='ocrx_word' id='word_1_134' title='bbox 980 1991 1079 2053; x_wconf 88' lang='lat' dir='ltr'>parvo</span> <span class='ocrx_word' id='word_1_135' title='bbox 1108 1977 1322 2053; x_wconf 88' lang='lat' dir='ltr'>correptarmn</span> 
     </span>
     <span class='ocr_line' id='line_1_17' title="bbox 149 2075 1323 2161; baseline -0.001 -22"><span class='ocrx_word' id='word_1_136' title='bbox 149 2097 263 2139; x_wconf 86' lang='lat' dir='ltr'>vocum</span> <span class='ocrx_word' id='word_1_137' title='bbox 286 2097 345 2161; x_wconf 92' lang='lat' dir='ltr'>pro</span> <span class='ocrx_word' id='word_1_138' title='bbox 368 2098 431 2139; x_wconf 91' lang='lat' dir='ltr'>non</span> <span class='ocrx_word' id='word_1_139' title='bbox 455 2077 610 2161; x_wconf 90' lang='lat' dir='ltr'>correptis</span> <span class='ocrx_word' id='word_1_140' title='bbox 634 2098 764 2139; x_wconf 92' lang='lat' dir='ltr'>numero</span> <span class='ocrx_word' id='word_1_141' title='bbox 788 2075 901 2155; x_wconf 90' lang='lat' dir='ltr'>elucet,</span> <span class='ocrx_word' id='word_1_142' title='bbox 932 2084 982 2138; x_wconf 90' lang='lat' dir='ltr'>est</span> <span class='ocrx_word' id='word_1_143' title='bbox 1005 2077 1163 2160; x_wconf 87' lang='lat' dir='ltr'>correptio</span> <span class='ocrx_word' id='word_1_144' title='bbox 1186 2075 1323 2153; x_wconf 88' lang='lat' dir='ltr'>licentia,</span> 
     </span>
     <span class='ocr_line' id='line_1_18' title="bbox 150 2182 1322 2268; baseline -0.002 -22"><span class='ocrx_word' id='word_1_145' title='bbox 150 2205 211 2266; x_wconf 93' lang='lat' dir='ltr'>qua</span> <span class='ocrx_word' id='word_1_146' title='bbox 243 2191 337 2267; x_wconf 80' lang='lat' dir='ltr'>poeta</span> <span class='ocrx_word' id='word_1_147' title='bbox 370 2205 444 2246; x_wconf 91' lang='lat' dir='ltr'>usus</span> <span class='ocrx_word' id='word_1_148' title='bbox 477 2191 527 2246; x_wconf 88' lang='lat' dir='ltr'>est</span> <span class='ocrx_word' id='word_1_149' title='bbox 559 2182 611 2265; x_wconf 80' lang='lat' dir='ltr'>(cf.</span> <span class='ocrx_word' id='word_1_150' title='bbox 634 2183 727 2260; x_wconf 90' lang='lat' dir='ltr'>Brix,</span> <span class='ocrx_word' id='word_1_151' title='bbox 761 2182 927 2268; x_wconf 88' lang='lat' dir='ltr'>Lindsay)‚</span> <span class='ocrx_word' id='word_1_152' title='bbox 962 2206 1055 2267; x_wconf 90' lang='lat' dir='ltr'>quam</span> <span class='ocrx_word' id='word_1_153' title='bbox 1087 2183 1219 2245; x_wconf 85' lang='lat' dir='ltr'>ierimus</span> <span class='ocrx_word' id='word_1_154' title='bbox 1250 2203 1322 2244; x_wconf 90' lang='lat' dir='ltr'>cum</span> 
     </span>
     <span class='ocr_line' id='line_1_19' title="bbox 151 2288 1322 2374; baseline 0 -23"><span class='ocrx_word' id='word_1_155' title='bbox 151 2290 297 2365; x_wconf 86' lang='lat' dir='ltr'>sciamus,</span> <span class='ocrx_word' id='word_1_156' title='bbox 321 2311 378 2352; x_wconf 90' lang='lat' dir='ltr'>cur</span> <span class='ocrx_word' id='word_1_157' title='bbox 392 2299 487 2374; x_wconf 88' lang='lat' dir='ltr'>poeta</span> <span class='ocrx_word' id='word_1_158' title='bbox 511 2312 579 2352; x_wconf 91' lang='lat' dir='ltr'>eam</span> <span class='ocrx_word' id='word_1_159' title='bbox 603 2289 784 2353; x_wconf 89' lang='lat' dir='ltr'>adhibuerit</span> <span class='ocrx_word' id='word_1_160' title='bbox 808 2297 839 2353; x_wconf 91' lang='lat' dir='ltr'>ct</span> <span class='ocrx_word' id='word_1_161' title='bbox 855 2289 1014 2374; x_wconf 92' lang='lat' dir='ltr'>quomodo</span> <span class='ocrx_word' id='word_1_162' title='bbox 1038 2291 1080 2353; x_wconf 90' lang='lat' dir='ltr'>sit</span> <span class='ocrx_word' id='word_1_163' title='bbox 1102 2288 1322 2373; x_wconf 89' lang='lat' dir='ltr'>intellegenda.</span> 
     </span>
     <span class='ocr_line' id='line_1_20' title="bbox 150 2395 1323 2482; baseline 0 -23"><span class='ocrx_word' id='word_1_164' title='bbox 150 2396 200 2460; x_wconf 87' lang='lat' dir='ltr'>At</span> <span class='ocrx_word' id='word_1_165' title='bbox 222 2395 373 2459; x_wconf 90' lang='lat' dir='ltr'>librorum</span> <span class='ocrx_word' id='word_1_166' title='bbox 397 2397 546 2460; x_wconf 86' lang='lat' dir='ltr'>memoria</span> <span class='ocrx_word' id='word_1_167' title='bbox 569 2399 709 2482; x_wconf 89' lang='lat' dir='ltr'>saepius,</span> <span class='ocrx_word' id='word_1_168' title='bbox 742 2404 778 2459; x_wconf 94' lang='lat' dir='ltr'>ut</span> <span class='ocrx_word' id='word_1_169' title='bbox 800 2395 852 2460; x_wconf 93' lang='lat' dir='ltr'>hic</span> <span class='ocrx_word' id='word_1_170' title='bbox 885 2396 1001 2461; x_wconf 86' lang='lat' dir='ltr'>evadat</span> <span class='ocrx_word' id='word_1_171' title='bbox 1023 2398 1140 2475; x_wconf 74' lang='lat' dir='ltr'>exituS,</span> <span class='ocrx_word' id='word_1_172' title='bbox 1173 2395 1323 2459; x_wconf 87' lang='lat' dir='ltr'>mutanda</span> 
     </span>
     <span class='ocr_line' id='line_1_21' title="bbox 150 2501 1323 2588; baseline -0.001 -23"><span class='ocrx_word' id='word_1_173' title='bbox 150 2504 215 2566; x_wconf 82' lang='lat' dir='ltr'>est!</span> <span class='ocrx_word' id='word_1_174' title='bbox 261 2501 344 2566; x_wconf 84' lang='lat' dir='ltr'>Sane</span> <span class='ocrx_word' id='word_1_175' title='bbox 375 2504 435 2567; x_wconf 87' lang='lat' dir='ltr'>viri</span> <span class='ocrx_word' id='word_1_176' title='bbox 464 2502 554 2567; x_wconf 89' lang='lat' dir='ltr'>docti</span> <span class='ocrx_word' id='word_1_177' title='bbox 584 2505 710 2588; x_wconf 90' lang='lat' dir='ltr'>saepius</span> <span class='ocrx_word' id='word_1_178' title='bbox 741 2503 828 2568; x_wconf 93' lang='lat' dir='ltr'>libris</span> <span class='ocrx_word' id='word_1_179' title='bbox 857 2505 1014 2581; x_wconf 91' lang='lat' dir='ltr'>nituntur,</span> <span class='ocrx_word' id='word_1_180' title='bbox 1048 2513 1084 2566; x_wconf 92' lang='lat' dir='ltr'>ut</span> <span class='ocrx_word' id='word_1_181' title='bbox 1107 2503 1323 2567; x_wconf 87' lang='lat' dir='ltr'>demonstrent</span> 
     </span>
     <span class='ocr_line' id='line_1_22' title="bbox 151 2609 1321 2696; baseline 0 -24"><span class='ocrx_word' id='word_1_182' title='bbox 151 2611 327 2695; x_wconf 88' lang='lat' dir='ltr'>promiscue</span> <span class='ocrx_word' id='word_1_183' title='bbox 359 2610 457 2674; x_wconf 89' lang='lat' dir='ltr'>verba</span> <span class='ocrx_word' id='word_1_184' title='bbox 489 2632 559 2674; x_wconf 86' lang='lat' dir='ltr'>esse</span> <span class='ocrx_word' id='word_1_185' title='bbox 592 2618 749 2696; x_wconf 89' lang='lat' dir='ltr'>correpta,</span> <span class='ocrx_word' id='word_1_186' title='bbox 785 2610 843 2674; x_wconf 89' lang='lat' dir='ltr'>sed</span> <span class='ocrx_word' id='word_1_187' title='bbox 872 2634 911 2674; x_wconf 90' lang='lat' dir='ltr'>nc</span> <span class='ocrx_word' id='word_1_188' title='bbox 941 2611 989 2673; x_wconf 91' lang='lat' dir='ltr'>illi</span> <span class='ocrx_word' id='word_1_189' title='bbox 1018 2612 1081 2695; x_wconf 90' lang='lat' dir='ltr'>ipsi</span> <span class='ocrx_word' id='word_1_190' title='bbox 1112 2611 1172 2676; x_wconf 92' lang='lat' dir='ltr'>viri</span> <span class='ocrx_word' id='word_1_191' title='bbox 1195 2609 1321 2693; x_wconf 90' lang='lat' dir='ltr'>quidem</span> 
     </span>
     <span class='ocr_line' id='line_1_23' title="bbox 150 2716 1322 2804; baseline 0 -24"><span class='ocrx_word' id='word_1_192' title='bbox 150 2716 236 2802; x_wconf 93' lang='lat' dir='ltr'>quod</span> <span class='ocrx_word' id='word_1_193' title='bbox 267 2716 339 2781; x_wconf 87' lang='lat' dir='ltr'>libri</span> <span class='ocrx_word' id='word_1_194' title='bbox 372 2717 549 2804; x_wconf 85' lang='lat' dir='ltr'>praebent,¹</span> <span class='ocrx_word' id='word_1_195' title='bbox 572 2717 715 2781; x_wconf 91' lang='lat' dir='ltr'>omnibus</span> <span class='ocrx_word' id='word_1_196' title='bbox 748 2718 827 2782; x_wconf 89' lang='lat' dir='ltr'>locis</span> <span class='ocrx_word' id='word_1_197' title='bbox 860 2717 1011 2804; x_wconf 80' lang='lat' dir='ltr'>probant3</span> <span class='ocrx_word' id='word_1_198' title='bbox 1045 2726 1078 2781; x_wconf 89' lang='lat' dir='ltr'>et</span> <span class='ocrx_word' id='word_1_199' title='bbox 1108 2717 1322 2780; x_wconf 83' lang='lat' dir='ltr'>demonstrare</span> 
     </span>
     <span class='ocr_line' id='line_1_24' title="bbox 150 2821 1357 2910; baseline 0 -23"><span class='ocrx_word' id='word_1_200' title='bbox 150 2846 318 2909; x_wconf 83' lang='lat' dir='ltr'>possumus</span> <span class='ocrx_word' id='word_1_201' title='bbox 341 2825 393 2889; x_wconf 91' lang='lat' dir='ltr'>vel</span> <span class='ocrx_word' id='word_1_202' title='bbox 416 2825 605 2910; x_wconf 86' lang='lat' dir='ltr'>gravissima</span> <span class='ocrx_word' id='word_1_203' title='bbox 628 2826 720 2888; x_wconf 88' lang='lat' dir='ltr'>metri</span> <span class='ocrx_word' id='word_1_204' title='bbox 735 2826 815 2889; x_wconf 90' lang='lat' dir='ltr'>vitia</span> <span class='ocrx_word' id='word_1_205' title='bbox 830 2825 962 2910; x_wconf 87' lang='lat' dir='ltr'>singulis</span> <span class='ocrx_word' id='word_1_206' title='bbox 986 2824 1149 2909; x_wconf 64' lang='lat' dir='ltr'>exemplis</span> <span class='ocrx_word' id='word_1_207' title='bbox 1173 2826 1199 2887; x_wconf 88' lang='lat' dir='ltr'>si</span> <span class='ocrx_word' id='word_1_208' title='bbox 1224 2825 1323 2909; x_wconf 90' lang='lat' dir='ltr'>scrip-</span> <span class='ocrx_word' id='word_1_209' title='bbox 1355 2821 1357 2824; x_wconf 62' lang='grc'><strong>’</strong></span> 
     </span>
     <span class='ocr_line' id='line_1_25' title="bbox 148 2931 1092 3009; baseline 0.001 -15"><span class='ocrx_word' id='word_1_210' title='bbox 148 2939 251 2995; x_wconf 89' lang='lat' dir='ltr'>turam</span> <span class='ocrx_word' id='word_1_211' title='bbox 274 2931 423 2996; x_wconf 91' lang='lat' dir='ltr'>librorum</span> <span class='ocrx_word' id='word_1_212' title='bbox 448 2955 619 3009; x_wconf 89' lang='lat' dir='ltr'>servamus,</span> <span class='ocrx_word' id='word_1_213' title='bbox 642 2955 660 2996; x_wconf 92' lang='lat' dir='ltr'>a</span> <span class='ocrx_word' id='word_1_214' title='bbox 683 2931 798 2996; x_wconf 92' lang='lat' dir='ltr'>Plauto</span> <span class='ocrx_word' id='word_1_215' title='bbox 822 2955 891 2997; x_wconf 89' lang='lat' dir='ltr'>csse</span> <span class='ocrx_word' id='word_1_216' title='bbox 915 2934 1092 2997; x_wconf 87' lang='lat' dir='ltr'>commissa.</span> 
     </span>
    </p>

    <p class='ocr_par' dir='ltr' id='par_1_3' title="bbox 149 3037 1322 4173">
     <span class='ocr_line' id='line_1_26' title="bbox 183 3037 1322 3125; baseline -0.002 -24"><span class='ocrx_word' id='word_1_217' title='bbox 183 3081 185 3085; x_wconf 27' lang='grc' dir='ltr'><em>ν</em></span> <span class='ocrx_word' id='word_1_218' title='bbox 238 3039 289 3102; x_wconf 84' lang='lat' dir='ltr'>Ex</span> <span class='ocrx_word' id='word_1_219' title='bbox 305 3038 363 3117; x_wconf 87' lang='lat' dir='ltr'>his,</span> <span class='ocrx_word' id='word_1_220' title='bbox 379 3062 459 3125; x_wconf 88' lang='lat' dir='ltr'>quae</span> <span class='ocrx_word' id='word_1_221' title='bbox 472 3039 539 3104; x_wconf 88' lang='lat' dir='ltr'>dixi</span> <span class='ocrx_word' id='word_1_222' title='bbox 550 3048 689 3125; x_wconf 90' lang='lat' dir='ltr'>apparet,</span> <span class='ocrx_word' id='word_1_223' title='bbox 705 3048 857 3124; x_wconf 87' lang='lat' dir='ltr'>quantum</span> <span class='ocrx_word' id='word_1_224' title='bbox 871 3040 977 3104; x_wconf 86' lang='lat' dir='ltr'>valeat</span> <span class='ocrx_word' id='word_1_225' title='bbox 988 3040 1111 3102; x_wconf 83' lang='lat' dir='ltr'>Klotzii</span> <span class='ocrx_word' id='word_1_226' title='bbox 1127 3037 1322 3122; x_wconf 91' lang='lat' dir='ltr'>corripicndi</span> 
     </span>
     <span class='ocr_line' id='line_1_27' title="bbox 150 3143 1322 3231; baseline 0.001 -25"><span class='ocrx_word' id='word_1_227' title='bbox 150 3143 200 3207; x_wconf 89' lang='lat' dir='ltr'>lex</span> <span class='ocrx_word' id='word_1_228' title='bbox 225 3148 364 3224; x_wconf 89' lang='lat' dir='ltr'>metrica,</span> <span class='ocrx_word' id='word_1_229' title='bbox 388 3155 420 3210; x_wconf 91' lang='lat' dir='ltr'>et</span> <span class='ocrx_word' id='word_1_230' title='bbox 436 3170 492 3211; x_wconf 90' lang='lat' dir='ltr'>cur</span> <span class='ocrx_word' id='word_1_231' title='bbox 503 3146 668 3211; x_wconf 86' lang='lat' dir='ltr'>Skutschii</span> <span class='ocrx_word' id='word_1_232' title='bbox 686 3146 790 3226; x_wconf 86' lang='lat' dir='ltr'>verba,</span> <span class='ocrx_word' id='word_1_233' title='bbox 806 3147 921 3231; x_wconf 89' lang='lat' dir='ltr'>quibus</span> <span class='ocrx_word' id='word_1_234' title='bbox 938 3146 1103 3210; x_wconf 84' lang='lat' dir='ltr'>contendit</span> <span class='ocrx_word' id='word_1_235' title='bbox 1120 3168 1322 3229; x_wconf 87' lang='lat' dir='ltr'>unamquam-</span> 
     </span>
     <span class='ocr_line' id='line_1_28' title="bbox 150 3251 1322 3339; baseline -0.002 -23"><span class='ocrx_word' id='word_1_236' title='bbox 150 3275 210 3337; x_wconf 92' lang='lat' dir='ltr'>que</span> <span class='ocrx_word' id='word_1_237' title='bbox 227 3252 394 3317; x_wconf 89' lang='lat' dir='ltr'>iambicam</span> <span class='ocrx_word' id='word_1_238' title='bbox 411 3253 600 3339; x_wconf 88' lang='lat' dir='ltr'>syllabarum</span> <span class='ocrx_word' id='word_1_239' title='bbox 619 3256 742 3330; x_wconf 86' lang='lat' dir='ltr'>seriem‚</span> <span class='ocrx_word' id='word_1_240' title='bbox 764 3256 854 3318; x_wconf 90' lang='lat' dir='ltr'>cuius</span> <span class='ocrx_word' id='word_1_241' title='bbox 869 3256 953 3318; x_wconf 89' lang='lat' dir='ltr'>ictus</span> <span class='ocrx_word' id='word_1_242' title='bbox 970 3257 1002 3316; x_wconf 91' lang='lat' dir='ltr'>iu</span> <span class='ocrx_word' id='word_1_243' title='bbox 1019 3254 1111 3317; x_wconf 84' lang='lat' dir='ltr'>brevi</span> <span class='ocrx_word' id='word_1_244' title='bbox 1128 3255 1170 3316; x_wconf 90' lang='lat' dir='ltr'>sit</span> <span class='ocrx_word' id='word_1_245' title='bbox 1193 3251 1322 3338; x_wconf 81' lang='lat' dir='ltr'>syllaba,</span> 
     </span>
     <span class='ocr_line' id='line_1_29' title="bbox 150 3360 1321 3446; baseline -0.001 -24"><span class='ocrx_word' id='word_1_246' title='bbox 150 3369 204 3422; x_wconf 85' lang='lat' dir='ltr'>aut</span> <span class='ocrx_word' id='word_1_247' title='bbox 227 3382 320 3444; x_wconf 91' lang='lat' dir='ltr'>quam</span> <span class='ocrx_word' id='word_1_248' title='bbox 344 3361 427 3424; x_wconf 91' lang='lat' dir='ltr'>ictus</span> <span class='ocrx_word' id='word_1_249' title='bbox 450 3369 608 3445; x_wconf 88' lang='lat' dir='ltr'>sequatur,</span> <span class='ocrx_word' id='word_1_250' title='bbox 631 3363 747 3446; x_wconf 89' lang='lat' dir='ltr'>corripi</span> <span class='ocrx_word' id='word_1_251' title='bbox 771 3361 867 3424; x_wconf 86' lang='lat' dir='ltr'>licere</span> <span class='ocrx_word' id='word_1_252' title='bbox 884 3360 1048 3446; x_wconf 86' lang='lat' dir='ltr'>probanda</span> <span class='ocrx_word' id='word_1_253' title='bbox 1066 3383 1129 3424; x_wconf 91' lang='lat' dir='ltr'>non</span> <span class='ocrx_word' id='word_1_254' title='bbox 1146 3360 1321 3423; x_wconf 88' lang='lat' dir='ltr'>videantur.</span> 
     </span>
     <span class='ocr_line' id='line_1_30' title="bbox 150 3467 1322 3553; baseline -0.001 -23"><span class='ocrx_word' id='word_1_255' title='bbox 150 3467 211 3530; x_wconf 88' lang='lat' dir='ltr'>Est</span> <span class='ocrx_word' id='word_1_256' title='bbox 235 3468 318 3530; x_wconf 90' lang='lat' dir='ltr'>enim</span> <span class='ocrx_word' id='word_1_257' title='bbox 342 3476 463 3531; x_wconf 91' lang='lat' dir='ltr'>certum</span> <span class='ocrx_word' id='word_1_258' title='bbox 488 3476 610 3532; x_wconf 87' lang='lat' dir='ltr'>tantum</span> <span class='ocrx_word' id='word_1_259' title='bbox 634 3488 734 3552; x_wconf 88' lang='lat' dir='ltr'>genus</span> <span class='ocrx_word' id='word_1_260' title='bbox 751 3467 974 3532; x_wconf 85' lang='lat' dir='ltr'>vocabulorum</span> <span class='ocrx_word' id='word_1_261' title='bbox 995 3477 1183 3553; x_wconf 88' lang='lat' dir='ltr'>correptum,</span> <span class='ocrx_word' id='word_1_262' title='bbox 1207 3475 1239 3530; x_wconf 90' lang='lat' dir='ltr'>ct</span> <span class='ocrx_word' id='word_1_263' title='bbox 1261 3467 1322 3530; x_wconf 93' lang='lat' dir='ltr'>hoc</span> 
     </span>
     <span class='ocr_line' id='line_1_31' title="bbox 150 3573 1322 3661; baseline 0.001 -26"><span class='ocrx_word' id='word_1_264' title='bbox 150 3573 293 3652; x_wconf 73' lang='lat' dir='ltr'>vocibus</span> <span class='ocrx_word' id='word_1_265' title='bbox 317 3597 447 3659; x_wconf 90' lang='lat' dir='ltr'>quarum</span> <span class='ocrx_word' id='word_1_266' title='bbox 471 3574 570 3638; x_wconf 90' lang='lat' dir='ltr'>altera</span> <span class='ocrx_word' id='word_1_267' title='bbox 585 3577 741 3661; x_wconf 88' lang='lat' dir='ltr'>positione</span> <span class='ocrx_word' id='word_1_268' title='bbox 766 3584 815 3638; x_wconf 89' lang='lat' dir='ltr'>cst</span> <span class='ocrx_word' id='word_1_269' title='bbox 833 3575 934 3660; x_wconf 91' lang='lat' dir='ltr'>longa,</span> <span class='ocrx_word' id='word_1_270' title='bbox 959 3575 1117 3653; x_wconf 60' lang='lat' dir='ltr'>sllicitum</span> <span class='ocrx_word' id='word_1_271' title='bbox 1141 3574 1226 3637; x_wconf 90' lang='lat' dir='ltr'>nulla</span> <span class='ocrx_word' id='word_1_272' title='bbox 1250 3598 1322 3652; x_wconf 84' lang='lat' dir='ltr'>vox,</span> 
     </span>
     <span class='ocr_line' id='line_1_32' title="bbox 151 3682 1322 3768; baseline 0.002 -25"><span class='ocrx_word' id='word_1_273' title='bbox 151 3683 240 3744; x_wconf 91' lang='lat' dir='ltr'>cuius</span> <span class='ocrx_word' id='word_1_274' title='bbox 260 3682 358 3745; x_wconf 91' lang='lat' dir='ltr'>altera</span> <span class='ocrx_word' id='word_1_275' title='bbox 374 3690 484 3745; x_wconf 86' lang='lat' dir='ltr'>natura</span> <span class='ocrx_word' id='word_1_276' title='bbox 500 3682 592 3767; x_wconf 90' lang='lat' dir='ltr'>longa</span> <span class='ocrx_word' id='word_1_277' title='bbox 608 3691 665 3759; x_wconf 86' lang='lat' dir='ltr'>cst,</span> <span class='ocrx_word' id='word_1_278' title='bbox 689 3704 746 3767; x_wconf 94' lang='lat' dir='ltr'>pro</span> <span class='ocrx_word' id='word_1_279' title='bbox 762 3691 850 3746; x_wconf 89' lang='lat' dir='ltr'>certo</span> <span class='ocrx_word' id='word_1_280' title='bbox 867 3691 1012 3768; x_wconf 89' lang='lat' dir='ltr'>correpta</span> <span class='ocrx_word' id='word_1_281' title='bbox 1027 3684 1149 3767; x_wconf 89' lang='lat' dir='ltr'>legitur.</span> <span class='ocrx_word' id='word_1_282' title='bbox 1180 3682 1322 3767; x_wconf 83' lang='lat' dir='ltr'>Lindsuy</span> 
     </span>
     <span class='ocr_line' id='line_1_33' title="bbox 150 3788 1321 3874; baseline 0.003 -25"><span class='ocrx_word' id='word_1_283' title='bbox 150 3788 246 3872; x_wconf 89' lang='lat' dir='ltr'>igitur</span> <span class='ocrx_word' id='word_1_284' title='bbox 267 3790 300 3850; x_wconf 94' lang='lat' dir='ltr'>in</span> <span class='ocrx_word' id='word_1_285' title='bbox 324 3789 342 3852; x_wconf 93' lang='lat' dir='ltr'>l.</span> <span class='ocrx_word' id='word_1_286' title='bbox 367 3812 389 3852; x_wconf 83' lang='lat' dir='ltr'>s</span> <span class='ocrx_word' id='word_1_287' title='bbox 414 3811 439 3852; x_wconf 90' lang='lat' dir='ltr'>c.</span> <span class='ocrx_word' id='word_1_288' title='bbox 464 3798 496 3852; x_wconf 92' lang='lat' dir='ltr'>et</span> <span class='ocrx_word' id='word_1_289' title='bbox 519 3790 585 3852; x_wconf 88' lang='lat' dir='ltr'>Leo</span> <span class='ocrx_word' id='word_1_290' title='bbox 609 3791 641 3852; x_wconf 90' lang='lat' dir='ltr'>in</span> <span class='ocrx_word' id='word_1_291' title='bbox 665 3788 745 3866; x_wconf 91' lang='lat' dir='ltr'>libri,</span> <span class='ocrx_word' id='word_1_292' title='bbox 769 3812 860 3873; x_wconf 88' lang='lat' dir='ltr'>quem</span> <span class='ocrx_word' id='word_1_293' title='bbox 885 3791 1063 3874; x_wconf 89' lang='lat' dir='ltr'>inscripsit:</span> <span class='ocrx_word' id='word_1_294' title='bbox 1089 3789 1321 3867; x_wconf 78' lang='lat' dir='ltr'>„l&#39;lautinische</span> 
     </span>
     <span class='ocr_line' id='line_1_34' title="bbox 149 3893 1322 3981; baseline 0.001 -24"><span class='ocrx_word' id='word_1_295' title='bbox 149 3893 394 3980; x_wconf 88' lang='lat' dir='ltr'>Forschungen“</span> <span class='ocrx_word' id='word_1_296' title='bbox 417 3896 525 3959; x_wconf 91' lang='lat' dir='ltr'>Berlin</span> <span class='ocrx_word' id='word_1_297' title='bbox 553 3899 636 3960; x_wconf 81' lang='lat'>1895</span> <span class='ocrx_word' id='word_1_298' title='bbox 661 3905 736 3959; x_wconf 89' lang='lat' dir='ltr'>nota</span> <span class='ocrx_word' id='word_1_299' title='bbox 760 3896 800 3959; x_wconf 93' lang='lat' dir='ltr'>ad</span> <span class='ocrx_word' id='word_1_300' title='bbox 824 3920 853 3981; x_wconf 93' lang='lat' dir='ltr'>p.</span> <span class='ocrx_word' id='word_1_301' title='bbox 878 3900 941 3960; x_wconf 81' lang='lat'>298</span> <span class='ocrx_word' id='word_1_302' title='bbox 973 3920 1030 3960; x_wconf 87' lang='lat' dir='ltr'>suo</span> <span class='ocrx_word' id='word_1_303' title='bbox 1058 3899 1126 3960; x_wconf 90' lang='lat' dir='ltr'>iure</span> <span class='ocrx_word' id='word_1_304' title='bbox 1149 3897 1228 3959; x_wconf 86' lang='lat' dir='ltr'>tales</span> <span class='ocrx_word' id='word_1_305' title='bbox 1253 3918 1322 3959; x_wconf 88' lang='lat' dir='ltr'>cor-</span> 
     </span>
     <span class='ocr_line' id='line_1_35' title="bbox 149 4003 1321 4087; baseline 0.004 -22"><span class='ocrx_word' id='word_1_306' title='bbox 149 4003 310 4086; x_wconf 88' lang='lat' dir='ltr'>reptiones</span> <span class='ocrx_word' id='word_1_307' title='bbox 335 4026 351 4066; x_wconf 89' lang='lat' dir='ltr'>c</span> <span class='ocrx_word' id='word_1_308' title='bbox 377 4003 498 4087; x_wconf 91' lang='lat' dir='ltr'>vulgari</span> <span class='ocrx_word' id='word_1_309' title='bbox 522 4026 679 4080; x_wconf 89' lang='lat' dir='ltr'>sermone,</span> <span class='ocrx_word' id='word_1_310' title='bbox 710 4026 772 4087; x_wconf 91' lang='lat' dir='ltr'>quc</span> <span class='ocrx_word' id='word_1_311' title='bbox 797 4003 929 4067; x_wconf 84' lang='lat' dir='ltr'>Plautus</span> <span class='ocrx_word' id='word_1_312' title='bbox 959 4027 1032 4068; x_wconf 90' lang='lat' dir='ltr'>usus</span> <span class='ocrx_word' id='word_1_313' title='bbox 1058 4006 1112 4081; x_wconf 89' lang='lat' dir='ltr'>sit,</span> <span class='ocrx_word' id='word_1_314' title='bbox 1143 4014 1226 4067; x_wconf 91' lang='lat' dir='ltr'>ortas</span> <span class='ocrx_word' id='word_1_315' title='bbox 1252 4026 1321 4070; x_wconf 85' lang='lat' dir='ltr'>cssc</span> 
     </span>
     <span class='ocr_line' id='line_1_36' title="bbox 150 4109 354 4173; baseline 0 0"><span class='ocrx_word' id='word_1_316' title='bbox 150 4109 354 4173; x_wconf 89' lang='lat' dir='ltr'>contendunt.</span> 
     </span>
    </p>
   </div>
   <div class='ocr_carea' id='block_1_3' title="bbox 0 0 1456 4710">
    <p class='ocr_par' dir='ltr' id='par_1_4' title="bbox 0 0 1456 4710">
     <span class='ocr_line' id='line_1_37' title="bbox 0 0 1456 4710; baseline 0 0"><span class='ocrx_word' id='word_1_317' title='bbox 0 0 1456 4710; x_wconf 95' lang='lat' dir='ltr'> </span> 
     </span>
    </p>
   </div>
  </div>
 </body>
</html>
