2904 4710
710 249 749 310 lo

252 444 280 504 2.
304 450 475 527 correptae.

304 551 332 629 a)
357 550 439 612 ietns
462 550 496 610 in
519 549 620 633 pn‘ma
643 557 692 612 est
714 547 843 634 syllaba.

410 661 441 735 α)
465 654 563 718 altera
586 657 743 740 positione

409 765 441 845 β)
465 762 565 826 altera
586 771 697 826 natura
723 763 816 847 longa
839 770 896 826 est.

304 868 336 946 b)
359 870 442 932 ietus
466 871 499 932 in
522 870 618 932 tertia
642 878 690 933 est
714 869 841 954 syllaba.

410 978 440 1057 α)
465 976 564 1040 altera
588 978 744 1062 positione

409 1086 441 1167 β)
466 1082 564 1147 altera
587 1091 699 1147 natura
720 1083 815 1168 longa
838 1092 895 1146 est.

166 1277 210 1341 ll.
234 1278 378 1358 Verba,
408 1302 508 1366 quae
539 1280 630 1365 plns
661 1302 774 1364 quam
805 1287 890 1343 tres
918 1278 1070 1344 habent
1100 1276 1291 1364 syllabas,

500 1421 540 1486 A.
572 1422 804 1488 Deelinationis
827 1422 956 1486 formae.

252 1551 279 1612 1.
302 1570 365 1611 non
389 1556 561 1632 correptae.

302 1659 330 1735 a)
354 1655 451 1718 altera
475 1656 632 1741 positione

302 1760 334 1842 b)
358 1763 456 1826 altera
479 1772 590 1826 natura
613 1763 706 1847 longa
730 1771 786 1826 est.

251 1873 279 1932 2.
303 1878 475 1954 correptae.

302 1979 330 2055 a)
353 1977 436 2040 ietus
460 1978 492 2039 in
515 1977 618 2061 prima
642 1984 692 2040 est
714 1975 841 2062 syllaba.

409 2086 439 2157 α)
464 2083 561 2147 altera
583 2083 741 2168 positione

408 2191 440 2273 β)
464 2190 562 2253 altera
584 2199 697 2254 natura
720 2189 813 2275 longa
837 2198 894 2252 est.

300 2296 333 2378 b)
357 2298 440 2360 ietus
463 2299 495 2360 in
519 2299 613 2360 tertia
638 2306 686 2361 est
709 2297 837 2382 syllaba.

408 2413 439 2485 α)
462 2404 560 2468 altera
582 2406 741 2490 positione

408 2514 439 2595 β)
464 2512 562 2575 altera
584 2522 695 2576 natura
717 2512 811 2595 longa
835 2520 890 2576 est.

499 2671 536 2733 B.
562 2670 802 2755 (loningationis
825 2669 955 2733 formae.

251 2782 278 2840 1.
302 2800 365 2840 non
389 2786 561 2863 correptae.

302 2887 330 2965 a)
354 2885 452 2948 altera
474 2885 631 2969 positione

302 2990 333 3072 b)
358 2990 457 3054 altera
480 3000 591 3054 natura
612 2989 707 3075 longa
730 2999 787 3053 est.

250 3101 278 3160 2.
303 3106 474 3183 eorreptae.

303 3208 330 3286 a)
354 3207 436 3269 iotus
459 3207 492 3267 in
515 3206 617 3290 prima
640 3213 689 3268 est
712 3205 841 3290 syllaba.

410 3314 441 3390 a)
465 3313 562 3376 altera
585 3313 742 3397 positione
773 3323 776 3328 “

409 3423 440 3504 β)
464 3419 562 3483 altera
585 3428 696 3483 natura
720 3419 814 3504 longa
837 3427 894 3482 est.

302 3525 333 3604 b)
357 3527 440 3590 iotus
463 3528 496 3589 in
519 3527 612 3590 tertia
635 3535 684 3590 est
706 3525 835 3612 syllaba.

411 3640 441 3709 α)
466 3633 564 3697 altera
587 3635 745 3718 positione

409 3744 441 3823 β)
465 3739 563 3804 altera
586 3749 698 3804 natura
720 3741 814 3826 longa
837 3749 894 3803 est.

248 3864 436 3948 Priusquam
466 3864 507 3928 ad
535 3888 601 3929 rem
632 3866 734 3950 ipsam
762 3863 926 3950 aggrediar
949 3864 1133 3950 singulaque
1157 3863 1312 3928 voeabula

143 3994 214 4035 eum
239 3981 383 4056 correpta
405 3980 473 4035 tum
497 3995 559 4036 non
584 3981 729 4057 correpta
752 3972 894 4049 afferam,
922 3973 1041 4036 mentio
1064 3970 1142 4034 mihi
1164 3970 1311 4034 faoienda

143 4089 192 4142 est
215 4079 401 4156 editionum,
432 4079 545 4163 quibus
577 4102 652 4142 usus
682 4102 760 4143 sum.
807 4079 936 4144 Praeter
966 4079 1136 4142 editionem
1161 4079 1311 4153 oritieam,
