2904 4710
704 267 745 328 41

139 476 212 525 c'um
234 459 315 524 tales
343 458 465 524 formae
495 460 584 525 alias'
602 470 767 548 correptae
795 483 858 524 non
887 461 954 526 fere
976 462 1179 528 inveniantur
1202 460 1312 530 ordine

139 567 308 633 verborum
324 576 446 631 mutato
461 590 588 632 versum
603 571 729 633 sanavit
744 568 904 633 scribens:
927 573 1024 648 „meis
1042 568 1136 633 rebus
1152 568 1311 653 agundis“.

246 669 388 760 ’Apdlles
403 676 436 738 in
453 675 582 759 Eptdte.
598 698 631 741 v:
646 680 717 745 626
739 675 872 761 legimus
895 677 928 739 in
952 675 1115 741 codicibus
1131 685 1257 762 praeter
1272 676 1312 753 A,

139 803 233 866 quem
257 779 472 846 Studemund:
504 805 614 867 „quem
638 782 838 868 Apella<e>“
866 782 998 869 prabere
1025 792 1167 848 testatur.
1204 783 1312 848 'Recte

137 891 236 976 igitur
267 890 328 954 viri
359 888 448 953 docti
478 891 539 953 nisi
568 891 753 954 testimonio
784 889 903 954 codicis
934 893 963 954 A
990 899 1022 954 et
1051 891 1148 955 Poen.
1173 914 1201 956 v.
1227 893 1310 955 1271

138 997 224 1061 hunc
247 1018 374 1063 versum
397 998 618 1062 restituerunt:
643 1001 754 1082 „qdem
770 997 887 1083 Apella
907 1002 1001 1082 atque
1018 999 1133 1062 Zeuxis
1157 998 1220 1061 doo
1244 999 1313 1084 pig-

138 1105 253 1169 mentis
277 1108 409 1189 pingent
432 1104 571 1168 filmeis“.
807 1095 810 1100 ’

246 1208 418 1276 bibendum
447 1219 536 1275 extat
561 1213 593 1274 in
625 1211 724 1277 Stich.
750 1234 779 1276 v.
812 1216 891 1276 713:
923 1209 1015 1291 „bibe
1043 1211 1174 1291 tibicen,
1204 1216 1261 1297 age
1285 1214 1313 1276 si

140 1317 219 1404 qtid
240 1319 322 1404 agis3
345 1317 519 1383 bibendum
542 1317 647 1383 hercle
670 1318 730 1382 hbe
751 1327 808 1396 est,
832 1324 871 1382 ne
893 1327 997 1405 nega“⁸

248 1424 369 1491 Corsen
392 1426 424 1488 in
447 1435 524 1489 nota
546 1424 586 1489 ad
609 1426 629 1488 l.
641 1449 667 1490 c.
684 1425 740 1488 112
755 1450 786 1512 p.
800 1429 862 1490 661
887 1425 968 1490 hanc
992 1427 1143 1490 metiendi
1158 1428 1313 1491 rationem

140 1531 267 1620 probari
289 1550 384 1618 posse
407 1532 581 1598 contendit
619 1532 744 1597 Ritschl
768 1542 855 1597 recte
872 1532 970 1598 verba
991 1556 1067 1619 „age
1092 1536 1119 1597 si
1135 1534 1213 1618 quid
1228 1536 1313 1619 agis“

143 1661 212 1704 ev.
237 1641 356 1705 71511]
381 1638 410 1703 h.
435 1663 464 1705 v.
486 1641 652 1725 irrepsisse
683 1649 768 1705 ratus
798 1642 831 1704 in
859 1640 965 1720 ,‚bibe‚
989 1643 1016 1704 si
1038 1640 1141 1706 bibis“
1169 1643 1314 1721 mutavit,
1410 1651 1414 1658 '

143 1768 221 1832 quae
236 1746 408 1830 verborum
432 1748 614 1812 coniunctio
638 1756 671 1811 et
693 1748 793 1812 multo
817 1750 921 1834 aptius
946 1749 1080 1834 quadrat
1103 1757 1135 1812 et
1153 1751 1186 1839 in
1204 1772 1231 1813 v.
1250 1752 1312 1814 733

139 1854 264 1941 legitur.
310 1852 394 1919 Sane
417 1856 445 1919 si
461 1854 591 1918 Klotzio
615 1854 774 1919 oredimus
798 1855 930 1921 verbum
953 1855 1161 1934 „bibendum“
1185 1857 1313 1921 elisione

139 1961 310 2028 iambicum
333 1961 454 2026 factum
485 1971 535 2026 est
564 1971 597 2026 et
625 1972 661 2026 ut
690 1985 800 2027 vocem
824 1972 936 2027 natura
965 1963 1132 2028 iambicam
1156 1966 1313 2050 corripere

140 2070 230 2149 licet,
262 2069 305 2134 ci.
332 2068 430 2133 Klotz
462 2069 482 2132 l.
506 2091 532 2133 c.
555 2093 586 2155 p.
610 2073 669 2148 86;
702 2067 843 2134 Skutsch
860 2075 881 2151 1)
914 2094 944 2155 p.
971 2073 1009 2135 19
1041 2070 1166 2134 confert
1197 2071 1314 2136 Bacch.

141 2201 171 2244 v.
185 2179 235 2257 15,
259 2175 315 2242 ubi
336 2173 436 2262 „pbrii
459 2173 602 2241 hairtindo
626 2177 691 2241 alas
708 2177 873 2242 verberat“
895 2178 1037 2263 legimus
1061 2176 1118 2241 sed
1134 2177 1186 2242 hic
1201 2201 1313 2243 versus

141 2283 195 2348 vel
217 2284 277 2349 alia
301 2305 342 2348 ex
366 2306 462 2348 causa
491 2293 658 2370 suspectus
682 2283 819 2349 videtur.
865 2283 1005 2370 Spengel
1027 2284 1218 2364 „bibendum
1242 2309 1315 2372 pro-

143 2390 351 2461 nuntiandum
376 2413 445 2455 esse
469 2391 642 2456 contendit
854 2431 855 2434 =

248 2497 406 2569 mamillae
436 2500 469 2561 in
499 2497 589 2562 libris
610 2507 745 2584 ‚praeter
768 2500 799 2561 A
826 2498 943 2584 legitur
970 2500 1003 2561 in
1027 2500 1143 2564 Pseud.
1169 2521 1198 2563 o.
1224 2503 1312 2587 181·

143 2602 273 2690 „quibus
290 2607 389 2685 vitae·
407 2604 522 2691 quibus
546 2604 678 2669 deliciae
702 2607 787 2678 estis,
810 2604 924 2690 quibus
947 2607 1036 2670 savia
1058 2606 1214 2734 mappillae
1238 2607 1314 2670 mel-

141 2746 248 2828 litae“;
274 2748 303 2812 A
321 2747 465 2834 praebet:
488 2750 560 2833 „qui
577 2771 719 2826 ......s,
742 2745 856 2833 quihus
879 2751 967 2813 savia
990 2751 1136 2813 mammis
1159 2750 1314 2815 mellitae“

141 2852 182 2919 ad
204 2877 298 2941 quam
314 2858 497 2920 memoriam
514 2855 714 2920 Studemund
730 2855 877 2920 adnotat:
901 2858 952 2935 „in
967 2856 1037 2920 fino
1052 2879 1110 2942 pro
1133 2860 1314 2937 „mammia“

142 2963 169 3026 si
191 2970 364 3042 „mammo‘
393 2965 500 3049 potius
530 2965 563 3026 in
587 2962 656 3027 cod.
681 2965 843 3027 exstitisse
867 2964 1018 3041 volueris,
1047 2965 1142 3050 paulo
1170 2966 1313 3029 latiorem

142 3069 236 3134 solito
260 3070 291 3134 Ο
315 3069 414 3134 fuisse
437 3070 574 3134 litteram
599 3069 800 3134 statuendum
826 3072 895 3134 sit“.
940 3071 1014 3136 Viri
1041 3071 1128 3136 docti
1152 3095 1215 3135 non
1238 3095 1314 3136 con-

142 3178 295 3255 sentiunt,
325 3177 483 3262 quomodo
511 3177 540 3242 h.
565 3201 594 3242 v.
618 3179 803 3242 metiantur:
833 3177 957 3242 Lorenz
985 3202 1014 3243 v.
1041 3182 1214 3244 117-182
1243 3203 1313 3244 esse

142 3291 246 3349 octon.
262 3284 362 3349 troch.
379 3284 552 3363 contendit,
576 3309 606 3350 v.
622 3287 683 3349 180
700 3286 896 3370 transposito
913 3285 1009 3350 verbo
1033 3288 1207 3364 „estis‘ssic
1223 3286 1312 3373 legit:

140 3390 274 3476 „quibus
299 3393 382 3456 vitae
407 3393 492 3471 estis,
520 3391 636 3478 qulbus
660 3391 802 3470 deliciae,
831 3394 928 3471 savia,
951 3393 1117 3472 mamillae,
1140 3393 1314 3458 mellitae?“

142 3496 351 3577 Studemund,
373 3498 511 3562 Mueller
534 3498 555 3562 l.
568 3521 594 3562 c.
610 3523 640 3585 p.
660 3502 721 3564 100
747 3501 947 3584 anapaestico
970 3501 1158 3565 metiuntur:
1181 3501 1313 3586 „quibus

142 3608 241 3684 vitae,
262 3605 384 3691 quibus
409 3605 542 3671 deliciae
567 3608 657 3685 estis,
688 3606 802 3691 quibus
827 3608 928 3685 stvia,
958 3604 1114 3672 mamillae
1138 3608 1274 3672 mellitae
1282 3610 1313 3672 ‘3⁴‘

142 3711 310 3776 Ritschelii
334 3714 539 3777 mutationem
563 3715 691 3778 tertium
716 3711 831 3798 quibus
855 3713 990 3778 delentis
1014 3714 1112 3779 Klotz
1135 3715 1155 3780 l.
1174 3738 1253 3801 c.-p.
1271 3718 1310 3780 91

141 3817 191 3884 his
208 3817 314 3885 verbis
332 3820 460 3906 probat:
486 3820 623 3901 ‚AE'erner
638 3821 693 3886 hat
708 3820 832 3885 Bitschl
848 3824 907 3885 mit
917 3819 1108 3908 Streichung
1123 3823 1180 3887 des
1197 3822 1315 3887 dritten

175 4041 176 4045 ’
250 4036 270 4104 1)
289 4035 339 4089 Fr.
360 4034 525 4091 Skutsch:
545 4034 793 4106 Jambenktirzung
812 4035 869 4089 und
885 4035 1022 4105 Synicese.
1054 4036 1156 4092 Satura
1169 4036 1312 4091 Viadrina.

142 4121 257 4178 Broslau
277 4126 354 4180 1896.
1298 4131 1300 4135 ’

1138 4235 1156 4286 4
