2904 4710
705 283 745 343 35

597 474 854 539 Pseudolus

247 586 310 647 995
334 587 504 647 necessest

633 706 819 771 Rudens

248 816 332 878 1143
358 813 537 879 solutumst.

629 937 823 1004 Stichus.

249 1048 310 1110 165
335 1045 468 1110 dolores.

246 1223 405 1288 Omnibus
429 1224 582 1310 exemplis
613 1224 716 1288 allatis
744 1246 962 1310 comparemus
990 1225 1052 1287 iam
1077 1223 1314 1303 vocabulorum,

139 1353 271 1416 quorum
295 1330 394 1396 altera
417 1330 538 1418 syllaba
561 1354 623 1395 non
648 1339 795 1417 correpta
818 1339 875 1410 est,
898 1354 1062 1395 numerum
1086 1354 1156 1396 cum
1182 1354 1313 1396 numero

138 1460 255 1517 corum,
278 1461 412 1524 quorum
434 1438 533 1503 altera
555 1447 701 1524 correpta
725 1461 795 1502 esse
819 1437 943 1502 dicitur,

245 1544 484 1610 Vocabulorum
507 1546 602 1609 trium
627 1544 832 1631 syllabarum,
863 1567 996 1629 quorum
1027 1546 1126 1610 altera
1156 1547 1313 1631 positione

137 1651 232 1738 longa
255 1651 378 1739 syllaba
406 1660 552 1739 correpta
582 1675 644 1716 non
673 1661 735 1730 est,
764 1652 912 1737 leguntur
938 1655 1023 1717 1058
1048 1657 1112 1736 (24)
1136 1661 1247 1717 contra
1272 1657 1312 1718 79
1404 1681 1410 1692 ·

138 1767 294 1845 correpta,
317 1782 450 1844 quorum
468 1763 509 1824 53
525 1761 624 1824 ictum
640 1760 673 1823 in
689 1760 801 1845 prima,
824 1762 865 1823 26
885 1760 917 1822 10
934 1761 1029 1823 tertia
1044 1758 1164 1823 habent
1179 1758 1299 1845 syllaba
1304 1784 1312 1838 ;

138 1874 172 1930 et
193 1865 420 1932 vocabulorum
442 1868 539 1931 trium
563 1865 769 1952 syllabarum,
800 1888 932 1951 quornm
963 1866 1063 1931 altera
1085 1874 1197 1930 natura
1219 1866 1313 1951 longa

139 1972 261 2060 syllaba
283 1996 346 2037 non
370 1982 515 2059 correpta
539 1982 595 2053 est,
618 1974 766 2059 leguntur
784 1977 868 2038 1852
887 1978 951 2054 (59)
973 1982 1083 2037 contra
1100 1976 1141 2038 26
1159 1981 1313 2059 correpta,

138 2103 271 2166 quorum
299 2084 338 2146 16
362 2082 462 2145 ictum
485 2082 518 2143 10
542 2082 652 2166 prima,
679 2083 718 2145 10
742 2083 776 2144 in
798 2082 893 2144 te1tia
915 2079 1034 2144 habent
1057 2079 1185 2166 syllaba.
1227 2080 1312 2165 Ergo

138 2187 238 2251 multo
267 2189 368 2252 rarius
398 2187 477 2252 haec
508 2189 722 2274 corripiuntur
750 2189 788 2269 (si
816 2187 919 2252 obiter
942 2195 1161 2272 computamus
1186 2196 1313 2272 septua-

137 2295 258 2380 gesima
280 2295 382 2380 prima
404 2297 487 2380 pars)
519 2317 612 2379 quam
640 2295 696 2358 illa
719 2301 862 2378 (quorum
886 2294 953 2357 lere
977 2296 1071 2358 tertia
1094 2293 1217 2358 decima
1240 2316 1312 2380 pars

138 2409 283 2486 correpta
307 2404 374 2482 est).
420 2401 533 2487 Itaque
557 2404 603 2465 eis
627 2403 774 2465 assentiri
797 2423 859 2463 non
882 2423 1021 2485 possum,
1045 2402 1099 2485 qui
1123 2403 1312 2464 enumeratis

138 2509 292 2594 correptis
323 2507 487 2573 vocabulis
517 2508 620 2594 legem
650 2507 692 2572 ad
720 2530 828 2571 omnes
860 2529 955 2571 voces
979 2509 1189 2592 pertinentem
1214 2515 1313 2571 statu-

138 2623 239 2693 erunt,
262 2615 320 2680 sed
343 2615 395 2680 vel
419 2638 460 2679 ex
482 2614 609 2679 traditis
632 2616 665 2678 in
688 2613 778 2678 libris
803 2616 970 2700 scripturis
993 2623 1127 2700 apparet
1142 2614 1313 2679 discrimen

138 2743 208 2786 esse
236 2721 419 2787 faciendum
445 2724 529 2786 inter
557 2721 725 2800 vocabula,
754 2744 886 2806 quorum
910 2722 1007 2786 altera
1031 2731 1143 2786 natura
1164 2722 1258 2808 longa
1281 2730 1314 2786 et

138 2851 270 2914 quorum
294 2829 394 2893 altera
416 2830 573 2915 positione
596 2830 690 2914 longa
711 2828 863 2893 redditur.

244 2935 317 3000 dam
341 2936 465 3021 singula
488 2936 633 3022 exempla
656 2937 881 3000 examinemus.

246 3042 382 3107 Achillis
406 3065 469 3107 vox
493 3052 639 3128 correpta
661 3044 822 3106 invenitur
844 3044 892 3106 in:

249 3151 343 3214 Mero.
362 3172 391 3214 o.
410 3154 499 3214 488:
522 3149 692 3213 'Achillem
717 3131 1006 3215 mabdaurum'bt
1025 3150 1101 3213 mihi
1117 3150 1173 3214 det
1188 3150 1313 3214 Hector

138 3258 193 3341 qui
216 3279 374 3343 expensus
397 3256 477 3320 fuir‘
501 3277 562 3320 seo.
586 3256 641 3336 A.;
665 3257 850 3335 „¹Achillem
882 3257 979 3323 orabo
1007 3261 1115 3322 aurdm
1139 3256 1312 3321 0111116011ί

138 3362 387 3427 maon

244 3470 323 3533 Brix
354 3471 388 3533 10
420 3469 528 3556 philol.
562 3493 591 3534 v.
623 3470 694 3533 ΧΠ
727 3494 757 3557 p.
789 3474 852 3535 656
886 3478 980 3556 „cgo“
1012 3480 1085 3535 ante
1117 3471 1312 3551 ‚,Achillem“

137 3578 243 3662 ponit,
275 3599 338 3661 qua
367 3599 401 3640 re
432 3577 582 3654 efficitur,
615 3585 651 3640 ut
679 3578 740 3641 hoo
765 3578 897 3643 verbum
925 3600 988 3641 non
1018 3580 1207 3663 corripiatur
1213 3603 1222 3658 3
1255 3579 1312 3643 sed

138 3705 210 3748 cum
234 3684 414 3762 „Achilles“
437 3685 506 3748 aliis
536 3684 616 3748 locis
641 3694 787 3770 correpta
810 3686 908 3749 altera
931 3684 1053 3771 syllaba
1074 3685 1210 3771 legatur,
1243 3688 1311 3749 eius

137 3791 343 3855 mutationem
367 3813 429 3854 non
452 3790 561 3876 probo.
600 3791 749 3855 Aliorum
768 3794 907 3857 virorum
924 3792 1090 3857 doctorum
1113 3794 1312 3873 mutationes

137 3904 174 3961 ut
208 3896 392 3974 Ritsohelii,
427 3899 496 3983 qui:
550 3898 726 3976 „Achillem
762 3898 858 3963 orabo
894 3908 930 3962 ut
964 3922 1073 3963 aurum
1109 3899 1186 3963 mihi
1221 3900 1293 3964 det“
1303 3923 1311 3979 3

137 4003 335 4083 Buecheleri‚
358 4005 413 4088 qui
436 4006 469 4067 in
492 4005 577 4067 Mus
601 4004 701 4068 Rhen.
725 4029 755 4070 v.
772 4005 840 4070 XV
865 4029 895 4091 p.
911 4010 975 4070 435
999 4006 1215 4085 „Achilleum“
1239 4028 1312 4093 pro-

136 4112 237 4199 ponit,
260 4110 424 4200 Spengelii
447 4111 599 4177 metiendi
622 4114 784 4190 rationem,
809 4136 903 4202 quam
926 4115 958 4176 in
982 4113 1002 4177 l.
1025 4113 1079 4196 ,‚T.
1100 4114 1145 4179 M.
1164 4113 1312 4184 Plautus“
