2904 4710
545 264 755 359 L

61 457 164 542 magis
194 455 236 520 ad
265 456 401 542 plurium
432 455 577 520 codicum
607 456 795 541 scripturam
818 455 971 520 accedere
995 457 1044 521 vis
1068 479 1161 542 „roga
1182 463 1235 521 tu“

62 561 238 643 substitue;
260 573 328 627 tum
352 565 456 627 omnia
472 562 643 648 quadrant:
667 568 755 642 „eum
774 584 851 648 roga
870 563 942 648 (tu)
961 567 998 626 fit
1013 563 1172 648 relinquat
1187 614 1194 628 .
1210 572 1236 628 .“

171 671 267 748 Puera.
293 693 322 735 o.
352 674 423 735 875
431 695 442 734 :
473 671 507 733 in
531 671 562 732 A
585 678 705 734 exstat:
729 668 825 754 „quid
848 671 935 734 iam?
958 672 1049 755 quasi
1071 680 1107 734 tu
1129 679 1235 735 tacere

61 799 141 842 vero
165 779 331 862 quicquam
355 778 439 862 potis
463 778 516 840 sis.
539 777 682 840 rectius“.
719 775 864 862 Geppert
887 784 957 855 „tu“
980 776 1075 856 delet,
1099 777 1236 842 Mueller

60 885 172 970 „quasi
194 887 271 948 vcro
293 889 415 948 tacere‘
439 882 535 947 scribi
558 883 644 963 vult;
667 883 810 970 Kaempi
832 883 908 962 „de“
923 906 1010 969 pron.
1027 907 1107 970 pers.
1131 909 1161 970 p.
1179 888 1235 950 37:

61 993 172 1077 „quasi
192 998 246 1056 tu“
269 990 459 1055 servandum
482 1013 551 1055 esse
575 990 747 1055 contendit
785 991 852 1054 Leo
875 992 962 1054 nisus
986 1015 1016 1055 v.
1041 994 1103 1055 890
1128 994 1236 1077 „quasi

60 1107 98 1176 tu
125 1088 277 1181 ‘tacitum'
302 1097 435 1162 habere“
458 1100 580 1184 recepit
601 1098 634 1161 in
658 1106 772 1183 poetae
796 1097 902 1162 verba.
938 1097 1136 1183 Unaquaque
1160 1121 1235 1163 saue

60 1207 237 1269 mutatione
261 1204 394 1270 verbum
416 1212 558 1284 ‚,tacere“
581 1213 723 1281 sanatur,
753 1204 810 1268 sed
833 1203 991 1291 Gepperti
1020 1213 1142 1270 tantum
1164 1213 1236 1285 „tu“

60 1311 197 1377 delentis
221 1311 429 1398 praeferenda
452 1311 588 1377 videtur.

172 1420 264 1484 Truc.
289 1441 320 1484 a.
349 1423 414 1484 817
435 1421 588 1483 memoria
610 1421 788 1505 corruptior
811 1428 875 1497 est,
905 1442 999 1504 quam
1030 1427 1065 1484 ut
1087 1420 1236 1499 ‚,ttcebo“

60 1549 101 1592 ea
123 1525 254 1591 defendi
279 1528 391 1613 possit.
847 1596 848 1600 η

172 1634 264 1699 Prae.
283 1656 312 1698 o.
334 1637 422 1698 504:
446 1635 572 1712 „venire
596 1633 719 1697 salvum
743 1637 819 1712 scio,
844 1632 901 1697 sed
924 1635 1087 1719 peperitne
1104 1633 1235 1699 obsecro

59 1739 287 1805 Phronesium‘
321 1763 340 1804 a
371 1739 529 1804 Schoellio
563 1750 663 1818 recte,
697 1762 769 1803 cum
804 1763 879 1804 usus
915 1741 1071 1826 efflagitet
1102 1741 1235 1805 salutem

59 1847 168 1924 reddi,
196 1849 230 1911 in
253 1847 375 1927 „Salve
399 1847 538 1911 Salvum.
562 1847 636 1911 Scio
660 1856 782 1912 cetera“
810 1857 949 1912 mutatus
979 1857 1035 1911 est.
1081 1848 1237 1928 ,‚Venire“

58 1963 169 2021 autem
192 1953 233 2020 ab
254 1955 427 2041 interprete
451 1955 630 2040 profectum
654 1977 725 2018 esse
749 1957 810 2019 iam
834 1955 1054 2041 Kampmann:
1083 1955 1142 2035 „de
1169 1955 1232 2038 ‘ab’

43 2063 306 2150 ⁴praepositionis
332 2085 392 2126 usu
414 2062 581 2126 Plautino“
604 2086 633 2147 p.
658 2066 698 2127 23
723 2062 794 2126 adn.
817 2062 1023 2127 intellexerat.

173 2171 272 2234 Stich.
298 2192 327 2234 u.
356 2171 485 2234 5071:
532 2169 680 2248 „rediisse
711 2168 806 2233 video
836 2169 916 2234 bene
947 2177 1036 2254 gesta
1059 2149 1235 2248 recubos,

58 2280 95 2343 te
117 2285 152 2340 et
172 2275 302 2340 fratrem
321 2280 426 2340 tu6m“
443 2276 581 2362 praebet,
605 2299 675 2339 cum
694 2275 789 2340 ceteri
806 2275 879 2340 libri
895 2276 1047 2342 habeant:
1071 2277 1234 2356 ‚redisset

60 2382 136 2451 Viri
159 2382 248 2448 docti
271 2385 356 2447 iusto
378 2385 445 2447 iure
471 2384 501 2446 A
524 2392 711 2467 sequuntur.

304 2614 367 2697 'bl
402 2615 524 2681 Tertia
547 2615 686 2698 syllaba
709 2614 817 2681 habet
839 2615 965 2682 lotum.

245 2779 277 2860 β)
302 2786 407 2839 altera
429 2787 549 2838 natura
572 2785 672 2852 longa
695 2786 853 2852 correpta
875 2783 1057 2840 invenitur.

73 2941 75 2946 ⁴
171 2921 268 3003 Epiri.
294 2943 323 2984 o.
349 2922 417 2983 135
448 2919 585 2982 maxima
616 2940 688 3003 pars
718 2920 928 3003 interpretum
951 2921 1094 2983 metitur:
1130 2920 1233 2997 „illam

59 3025 206 3092 amabam
230 3026 312 3089 olim.
328 3027 475 3090 nunciam
494 3025 556 3089 alia
572 3048 647 3089 cura
661 3024 847 3110 impendent
862 3028 1009 3110 pectori“.
1044 3025 1233 3111 Quanquam

60 3134 247 3220 saepissime
283 3133 371 3212 ‚,ille“
406 3134 553 3196 metimur
586 3131 627 3195 cf.
662 3131 800 3195 Mueller
834 3132 881 3195 Pl.
912 3132 962 3195 Pr.
998 3157 1027 3218 p.
1059 3136 1122 3198 330
1159 3157 1235 3218 sqq,

40 3241 162 3319 ¹Klotz
184 3265 214 3326 p.
239 3244 290 3318 45,
315 3244 388 3316 309,
411 3263 570 3324 nunquam
593 3238 743 3316 adducor,
766 3240 858 3302 utin
882 3239 910 3302 h.
927 3263 956 3305 v.
980 3242 1116 3324 priorem
1141 3240 1235 3326 sylla-

60 3347 135 3414 bam
159 3371 228 3413 esse
251 3348 381 3412 brevem
405 3356 522 3433 putem,
545 3347 625 3410 locis
650 3348 743 3424 euim,
765 3345 821 3410 ubi
843 3346 950 3411 brevis
975 3351 1033 3426 est,
1055 3349 1122 3410 ictu
1141 3356 1236 3426 caret,

62 3479 135 3521 cum
167 3456 218 3520 hic
247 3457 345 3521 ictum
375 3454 497 3518 habeat.
543 3454 644 3517 Recte
668 3453 799 3538 Langen
823 3453 957 3532 „Beitrf‘
981 3477 1010 3538 p.
1036 3457 1109 3532 287,
1141 3478 1235 3539 quem

61 3563 139 3641 Le0‚
163 3562 409 3627 Goetz-Schoell
432 3561 583 3625 metiendi
607 3560 736 3624 modum
760 3569 949 3645 sequuntur:
983 3561 1069 3625 illam
1092 3561 1234 3626 amabam

62 3669 149 3734 olim.
172 3692 256 3734 nunc
279 3671 341 3732 iam
366 3677 487 3733 cetera“
511 3670 648 3732 metitur.

171 3776 311 3840 dedistin
341 3778 374 3838 in
404 3777 494 3839 initio
526 3799 635 3840 versus
666 3776 799 3860 legimus
824 3777 857 3837 in
885 3777 973 3840 Tria.
1000 3798 1030 3841 o.
1056 3780 1132 3858 127,
1157 3781 1232 3842 129.

61 3883 137 3947 Hoc
160 3883 347 3947 vocabulum
373 3882 491 3961 „desti“
514 3885 752 3968 pronuntiatum
778 3905 847 3946 esse
873 3905 902 3967 p.
929 3887 969 3946 74
994 3883 1151 3947 contendi.

172 3992 270 4055 Stat.
305 4014 334 4055 u.
369 3996 441 4054 256
474 4014 537 4053 non
572 3991 648 4054 licet
683 3992 782 4053 citare
819 4012 876 4075 pro
911 3992 1112 4076 correptione
1148 3990 1236 4055 vorbi

61 4107 195 4184 „negato
219 4106 305 4162 essc“
330 4120 401 4160 cum
427 4098 456 4159 A
479 4100 597 4160 rectius
622 4097 787 4182 praebeat:
820 4077 1036 4183 „nega⁶esse“.
