2904 4710
711 257 753 317 50

252 445 291 508 Iu
316 448 433 530 11111111.
459 470 489 511 c.
515 451 600 512 169:
646 471 727 533 „quo
759 448 847 512 facto
878 458 933 513 aut
964 449 1052 514 dicto
1084 450 1198 515 adeost
1232 475 1328 539 opus,

144 554 271 637 quietus
302 576 341 617 ne
371 555 433 617 sis“
465 577 537 618 cum
568 554 725 619 Muellero
754 555 970 640 ,‚Nachtra“tge“
1000 580 1030 642 p.
1054 560 1096 622 30
1121 580 1168 642 sq.
1198 560 1328 644 „quod“

143 659 229 744 lego,
261 668 372 724 contra
403 663 433 724 ei
466 683 528 724 non
558 663 714 725 assentior
743 663 887 726 metienti
908 662 1045 727 iambica
1067 687 1230 742 mensura,
1265 666 1327 731 sed

144 789 216 830 cum
232 765 377 845 Goetzi0‚
400 767 530 833 Loewio
545 777 668 832 tetram.
684 768 793 833 bacch.
810 792 881 833 esse
896 779 983 854 puto.
1012 770 1081 834 Leo
1096 795 1127 835 v.
1142 774 1324 838 168-172

142 875 265 936 ionicos
297 897 368 938 esse
400 883 493 959 putat
526 883 582 955 (ut
609 874 774 939 Bentleius
807 885 839 940 et
865 876 1087 961 Hermannus)
1120 902 1149 943 v.
1176 882 1239 944 169
1274 882 1326 946 sic

143 982 285 1045 metitur:
330 981 435 1066 „quod
466 981 555 1046 facto
585 991 640 1046 aut
667 981 754 1047 dicto
781 982 894 1047 adeost
916 989 1009 1068 opus,
1041 987 1168 1069 quietus
1190 1010 1233 1068 ne
1258 990 1324 1051 sis“

143 1086 391 1153 Goetz-Schoell
413 1088 489 1153 inde
512 1086 552 1152 ab
568 1112 599 1152 v.
616 1092 791 1154 159-173
815 1092 898 1153 ictus
922 1092 1104 1170 omiserunt,
1127 1094 1201 1177 quia
1215 1104 1325 1159 metra

141 1195 312 1259 incertiora
336 1197 382 1258 eis
406 1195 563 1260 videntur.
1307 1264 1309 1266 ,

248 1301 392 1366 Verbum
415 1305 577 1387 ‚,quietus“
600 1303 742 1366 nonnulli
765 1313 944 1388 correptum
969 1305 1166 1371 contendunt
1192 1309 1252 1386 ita,
1284 1319 1325 1375 ut

141 1408 279 1494 legatur:
308 1392 486 1493 „quietus“;
521 1408 578 1474 sed
608 1433 680 1474 cum
712 1434 771 1496 pro
800 1412 901 1475 vicies
932 1413 1036 1476 sexies
1066 1435 1131 1477 nou
1160 1419 1323 1501 correptis

142 1538 204 1579 uon
228 1524 354 1580 exstent
376 1518 438 1580 nisi
460 1516 519 1580 hae
542 1517 663 1581 formae
687 1526 864 1603 correptae,
896 1526 929 1581 et
957 1518 1077 1583 formae
1101 1520 1221 1585 similes
1246 1546 1322 1588 ver-

140 1622 252 1686 borum
276 1621 384 1702 „diei“,
413 1624 539 1702 ,lienis“
563 1626 701 1710 synicesi
725 1627 789 1688 sint
812 1626 1078 1709 pronuntiandae,
1110 1627 1152 1691 cf.
1173 1627 1322 1694 Corssen

141 1734 261 1816 11149,
285 1729 508 1815 Leppermaun
533 1735 630 1816 1181,
654 1730 813 1795 cumillis
838 1733 914 1795 viris
931 1731 1035 1796 doctis
1059 1756 1122 1798 non
1138 1739 1320 1819 consentio,

140 1836 197 1901 sed
221 1838 359 1933 synicesi
381 1837 648 1923 pronuntiandum
671 1860 794 1901 censeo.
840 1838 934 1923 Epid.
963 1863 991 1903 v.
1016 1843 1080 1904 338
1103 1842 1201 1927 igitur
1223 1843 1319 1930 lego:

139 1966 214 2029 ,per
240 1944 322 2008 hauc
350 1948 457 2008 odram
488 1946 611 2029 qujeto“
640 1953 700 2008 cet
730 1953 763 2008 et
786 1944 901 2030 Amph.
926 1969 955 2009 v.
982 1950 1057 2011 169:
1096 1948 1202 2032 „quod
1224 1935 1319 2016 ficto

140 2059 197 2115 aut
219 2051 308 2115 dicto
333 2033 489 2115 adeost
473 2065 554 2137 opus
578 2053 706 2136 qujetus
730 2056 769 2115 ne
793 2052 862 2114 sis‘.‘

246 2159 450 2223 Necessest
441 2182 473 2221 m
498 2160 592 2222 Astu
618 2160 1117 2241 1.217,,1100111101160011111;
1149 2168 1319 2230 necessest

138 2265 244 2329 facere
268 2270 442 2352 sumptum,
474 2267 529 2350 qui
551 2270 676 2350 quaerit
698 2265 838 2329 lucrfim“
862 2265 1000 2330 Mueller
1022 2268 1193 2353 improbat,
1225 2275 1318 2356 quod

138 2372 322 2458 intellegere
350 2395 412 2435 nou
443 2374 559 2458 possit,
591 2395 647 2436 cur
670 2370 802 2436 Plautus
825 2394 922 2457 ,opus
947 2381 1013 2437 est“
1036 2397 1099 2438 non
1122 2376 1317 2444 adhibuerit

138 2477 226 2544 Illud
247 2479 379 2544 verbum
402 2489 508 2544 alitem
531 2481 729 2564 aptissimum
754 2487 811 2557 est,
834 2478 998 2544 Cleaereta
1022 2484 1105 2545 euim
1127 2483 1222 2548 dicit:
1246 2487 1317 2564 „Ut

138 2608 292 2671 aucupem
316 2586 492 2651 obfundere
515 2585 620 2649 cibum
644 2607 774 2649 necesse
798 2595 859 2662 est,
891 2595 927 2649 ut
957 2610 1033 2651 aves
1057 2589 1172 2654 multas
1196 2595 1316 2678 capiat

137 2693 183 2754 ita
205 2715 263 2755 uos
288 2702 447 2777 sumptum
464 2693 569 2756 lacere
585 2714 721 2756 necesse
741 2702 797 2771 est,
822 2700 857 2755 ut
872 2692 992 2760 lucrum
1008 2693 1188 2760 faciamus“.
1220 2697 1316 2765 Inter

138 2820 246 2861 omncs
279 2801 469 2862 mutationes
503 2798 643 2884 prolatas
674 2798 875 2863 Fleckeiseui
914 2799 990 2863 mihi
1022 2804 1143 2887 optima
1174 2804 1314 2887 videtur,

138 2886 192 2988 qui
217 2905 312 2969 verba
335 2906 484 2969 nonnulla
515 2905 672 2969 excidisse
697 2905 889 2969 contendit..
915 2906 954 2970 In
987 2931 1016 2972 v.
1041 2912 1105 2974 220
1129 2933 1196 2995 sqq.
1225 2917 1313 2978 euim

137 3010 290 3075 describit
314 3011 492 3090 Cleaereta,
525 3011 684 3097 quomodo
714 3021 870 3076 amatores
893 3016 1058 3099 capiantur
1088 3019 1182 3081 simili
1200 3021 1313 3102 modo,

138 3140 199 3202 quo
224 3128 316 3182 antea
331 3118 511 3206 descripsit,
534 3119 693 3204 quomodo
717 3142 792 3184 aves
809 3130 1004 3205 caperentur.
1040 3121 1153 3208 Itaque
1169 3127 1312 3212 singulas

138 3234 242 3311 partes
265 3228 349 3290 inter
372 3250 405 3291 se
429 3226 622 3312 respondere
647 3229 765 3290 iustum
790 3236 846 3291 est.
892 3227 936 3290 Ει
962 3230 1156 3314 respondent
1186 3243 1312 3301 ceterae

137 3341 241 3416 partes
265 3343 390 3418 praeter
413 3334 531 3412 ‚dectus
556 3334 676 3412 inlex“;
710 3356 771 3417 qua
800 3333 841 3397 de
872 3356 966 3398 causa
997 3345 1070 3400 ante
1099 3361 1127 3401 v.
1152 3343 1216 3404 218
1241 3343 1311 3407 eius

137 3439 250 3502 similia
274 3440 504 3504 desiderantur.
539 3440 629 3505 Nihil
653 3463 727 3526 ergo
750 3440 892 3525 impedit,
916 3444 1081 3527 quominus
1106 3467 1178 3508 cum
1194 3445 1311 3513 Fleck-

136 3547 243 3610 eiscno
268 3554 377 3626 „avos“
400 3550 433 3611 iu
449 3548 516 3612 fine
532 3571 652 3626 versus,
677 3551 731 3632 qui
755 3548 883 3626 excidit,
907 3558 1080 3614 statuamus
1104 3561 1137 3615 ct
1153 3553 1310 3639 legamus:

135 3703 160 3734 „.
176 3703 183 3718 .
201 3704 230 3718 ..
254 3704 261 3716 .
286 3705 292 3717 .
317 3662 435 3718 .aves“
458 3678 487 3719 v.
504 3659 585 3719 218:
610 3654 836 3734 „adsuescuntz
860 3661 1021 3720 necessest
1043 3657 1148 3722 facere
1172 3669 1265 3726 cett“

242 3763 358 3826 Bucrlt.
388 3785 413 3826 1,
443 3766 532 3826 893.·
580 3763 746 3840 „Minerva
770 3763 907 3841 Latona,
936 3763 1030 3848 Spes,
1061 3765 1157 3850 Opis,
1185 3768 1311 3852 VirtuS,

134 3869 265 3935 Venus“
288 3892 465 3952 quanquam
490 3871 694 3955 transpositis
719 3869 827 3934 vorbis
851 3873 953 3934 sanari
977 3873 1086 3956 possit,
1110 3875 1142 3936 in
1161 3898 1200 3938 ea
1219 3887 1316 3962 parte·

135 3977 163 4041 h.
188 3998 319 4040 scaenae
342 3976 500 4060 leguntur,
531 3999 611 4060 quae
643 3999 706 4040 uon
737 3977 892 4041 aPlauto
919 3978 1064 4063 profecta
1086 3981 1221 4046 videtur.
1267 3987 1311 4050 cf.

135 4086 279 4170 Langen:
303 4082 367 4162 „Pl
391 4082 454 4146 St.“
480 4107 508 4169 p.
534 4087 607 4147 264.

332 4390 424 4416 *-
