<?xml version="1.0" encoding="UTF-8"?>
<!DOCTYPE html PUBLIC "-//W3C//DTD XHTML 1.0 Transitional//EN"
    "http://www.w3.org/TR/xhtml1/DTD/xhtml1-transitional.dtd">
<html xmlns="http://www.w3.org/1999/xhtml" xml:lang="en" lang="en">
 <head>
  <title>
</title>
<meta http-equiv="Content-Type" content="text/html;charset=utf-8" />
  <meta name='ocr-system' content='tesseract 3.04.00' />
  <meta name='ocr-capabilities' content='ocr_page ocr_carea ocr_par ocr_line ocrx_word'/>
</head>
<body>
  <div class='ocr_page' id='page_1' title='image "./deplauticorrept00eschgoog_0079.png"; bbox 0 0 2904 4710; ppageno 0'>
   <div class='ocr_carea' id='block_1_1' title="bbox 704 249 745 310">
    <p class='ocr_par' dir='ltr' id='par_1_1' title="bbox 704 249 745 310">
     <span class='ocr_line' id='line_1_1' title="bbox 704 249 745 310; baseline 0 0"><span class='ocrx_word' id='word_1_1' title='bbox 704 249 745 310; x_wconf 78' lang='lat'>74</span> 
     </span>
    </p>
   </div>
   <div class='ocr_carea' id='block_1_2' title="bbox 132 441 1313 4170">
    <p class='ocr_par' dir='ltr' id='par_1_2' title="bbox 139 441 1310 1591">
     <span class='ocr_line' id='line_1_2' title="bbox 140 441 1304 528; baseline 0.002 -24"><span class='ocrx_word' id='word_1_2' title='bbox 140 441 159 504; x_wconf 94' lang='lat' dir='ltr'>l.</span> <span class='ocrx_word' id='word_1_3' title='bbox 183 441 288 505; x_wconf 79' lang='lat'>0.112</span> <span class='ocrx_word' id='word_1_4' title='bbox 311 465 340 526; x_wconf 92' lang='lat' dir='ltr'>p.</span> <span class='ocrx_word' id='word_1_5' title='bbox 366 444 428 505; x_wconf 79' lang='lat'>647</span> <span class='ocrx_word' id='word_1_6' title='bbox 453 450 539 505; x_wconf 87' lang='lat' dir='ltr'>recte</span> <span class='ocrx_word' id='word_1_7' title='bbox 562 441 726 506; x_wconf 80' lang='lat' dir='ltr'>contendit</span> <span class='ocrx_word' id='word_1_8' title='bbox 748 444 880 527; x_wconf 84' lang='lat' dir='ltr'>primam</span> <span class='ocrx_word' id='word_1_9' title='bbox 904 441 1056 528; x_wconf 81' lang='lat' dir='ltr'>syllabam</span> <span class='ocrx_word' id='word_1_10' title='bbox 1079 443 1199 506; x_wconf 89' lang='lat' dir='ltr'>maiore</span> <span class='ocrx_word' id='word_1_11' title='bbox 1223 444 1256 507; x_wconf 92' lang='lat' dir='ltr'>vi</span> <span class='ocrx_word' id='word_1_12' title='bbox 1275 444 1304 506; x_wconf 88' lang='lat' dir='ltr'>in</span> 
     </span>
     <span class='ocr_line' id='line_1_3' title="bbox 140 549 1305 634; baseline 0.003 -23"><span class='ocrx_word' id='word_1_13' title='bbox 140 550 241 634; x_wconf 91' lang='lat' dir='ltr'>prima</span> <span class='ocrx_word' id='word_1_14' title='bbox 264 570 397 634; x_wconf 88' lang='lat' dir='ltr'>persona</span> <span class='ocrx_word' id='word_1_15' title='bbox 420 551 652 633; x_wconf 78' lang='lat' dir='ltr'><strong>pronuntiatam</strong></span> <span class='ocrx_word' id='word_1_16' title='bbox 673 571 759 628; x_wconf 87' lang='lat' dir='ltr'>esse;</span> <span class='ocrx_word' id='word_1_17' title='bbox 783 549 867 612; x_wconf 89' lang='lat' dir='ltr'>hunc</span> <span class='ocrx_word' id='word_1_18' title='bbox 884 549 1052 634; x_wconf 88' lang='lat' dir='ltr'>eloquendi</span> <span class='ocrx_word' id='word_1_19' title='bbox 1068 549 1198 614; x_wconf 91' lang='lat' dir='ltr'>modum</span> <span class='ocrx_word' id='word_1_20' title='bbox 1217 552 1305 614; x_wconf 88' lang='lat' dir='ltr'>etiam</span> 
     </span>
     <span class='ocr_line' id='line_1_4' title="bbox 139 654 1307 742; baseline 0.002 -24"><span class='ocrx_word' id='word_1_21' title='bbox 139 657 172 718; x_wconf 90' lang='lat' dir='ltr'>in</span> <span class='ocrx_word' id='word_1_22' title='bbox 196 654 334 719; x_wconf 89' lang='lat' dir='ltr'>secunda</span> <span class='ocrx_word' id='word_1_23' title='bbox 358 664 390 718; x_wconf 86' lang='lat' dir='ltr'>et</span> <span class='ocrx_word' id='word_1_24' title='bbox 411 658 506 719; x_wconf 89' lang='lat' dir='ltr'>tertia</span> <span class='ocrx_word' id='word_1_25' title='bbox 527 678 662 742; x_wconf 87' lang='lat' dir='ltr'>persona</span> <span class='ocrx_word' id='word_1_26' title='bbox 684 664 840 720; x_wconf 87' lang='lat' dir='ltr'>retentum</span> <span class='ocrx_word' id='word_1_27' title='bbox 866 679 935 720; x_wconf 90' lang='lat' dir='ltr'>esse</span> <span class='ocrx_word' id='word_1_28' title='bbox 958 659 1012 735; x_wconf 87' lang='lat' dir='ltr'>ita,</span> <span class='ocrx_word' id='word_1_29' title='bbox 1040 666 1077 720; x_wconf 86' lang='lat' dir='ltr'>ut</span> <span class='ocrx_word' id='word_1_30' title='bbox 1099 655 1244 722; x_wconf 90' lang='lat' dir='ltr'>homines</span> <span class='ocrx_word' id='word_1_31' title='bbox 1267 657 1307 720; x_wconf 81' lang='lat' dir='ltr'>lo</span> 
     </span>
     <span class='ocr_line' id='line_1_5' title="bbox 141 761 1308 847; baseline 0.001 -22"><span class='ocrx_word' id='word_1_32' title='bbox 141 770 324 847; x_wconf 81' lang='lat' dir='ltr'>querentur:</span> <span class='ocrx_word' id='word_1_33' title='bbox 358 761 496 841; x_wconf 89' lang='lat' dir='ltr'>„b1&#39;bisti‚</span> <span class='ocrx_word' id='word_1_34' title='bbox 525 762 661 828; x_wconf 86' lang='lat' dir='ltr'>blbisse“</span> <span class='ocrx_word' id='word_1_35' title='bbox 668 788 676 843; x_wconf 83' lang='lat'>3</span> <span class='ocrx_word' id='word_1_36' title='bbox 708 762 783 827; x_wconf 90' lang='lat' dir='ltr'>inde</span> <span class='ocrx_word' id='word_1_37' title='bbox 812 763 932 826; x_wconf 83' lang='lat' dir='ltr'>iactum</span> <span class='ocrx_word' id='word_1_38' title='bbox 963 785 1047 841; x_wconf 90' lang='lat' dir='ltr'>esse,</span> <span class='ocrx_word' id='word_1_39' title='bbox 1077 772 1113 826; x_wconf 88' lang='lat' dir='ltr'>ut</span> <span class='ocrx_word' id='word_1_40' title='bbox 1142 763 1308 827; x_wconf 88' lang='lat' dir='ltr'>alterumi</span> 
     </span>
     <span class='ocr_line' id='line_1_6' title="bbox 141 869 1307 956; baseline 0.002 -24"><span class='ocrx_word' id='word_1_41' title='bbox 141 871 370 954; x_wconf 86' lang='lat' dir='ltr'>opprimeretur</span> <span class='ocrx_word' id='word_1_42' title='bbox 402 879 434 933; x_wconf 87' lang='lat' dir='ltr'>et</span> <span class='ocrx_word' id='word_1_43' title='bbox 462 869 573 949; x_wconf 88' lang='lat' dir='ltr'>„bisti“</span> <span class='ocrx_word' id='word_1_44' title='bbox 604 872 779 934; x_wconf 85' lang='lat' dir='ltr'>exsisteret.</span> <span class='ocrx_word' id='word_1_45' title='bbox 833 870 947 941; x_wconf 88' lang='lat' dir='ltr'>Multis</span> <span class='ocrx_word' id='word_1_46' title='bbox 978 872 1164 956; x_wconf 88' lang='lat' dir='ltr'>posterioris</span> <span class='ocrx_word' id='word_1_47' title='bbox 1199 873 1307 935; x_wconf 89' lang='lat' dir='ltr'>aetatis</span> 
     </span>
     <span class='ocr_line' id='line_1_7' title="bbox 141 975 1308 1062; baseline 0.003 -23"><span class='ocrx_word' id='word_1_48' title='bbox 141 975 293 1061; x_wconf 70' lang='lat' dir='ltr'>enemplis</span> <span class='ocrx_word' id='word_1_49' title='bbox 317 976 395 1040; x_wconf 90' lang='lat' dir='ltr'>haec</span> <span class='ocrx_word' id='word_1_50' title='bbox 418 979 647 1062; x_wconf 84' lang='lat' dir='ltr'>argumentatio</span> <span class='ocrx_word' id='word_1_51' title='bbox 671 977 891 1056; x_wconf 71' lang='lat' dir='ltr'>confirmatur,</span> <span class='ocrx_word' id='word_1_52' title='bbox 914 977 1000 1040; x_wconf 88' lang='lat' dir='ltr'>nullo</span> <span class='ocrx_word' id='word_1_53' title='bbox 1023 977 1085 1041; x_wconf 92' lang='lat' dir='ltr'>alio</span> <span class='ocrx_word' id='word_1_54' title='bbox 1108 979 1194 1041; x_wconf 91' lang='lat' dir='ltr'>enim</span> <span class='ocrx_word' id='word_1_55' title='bbox 1218 977 1308 1042; x_wconf 91' lang='lat' dir='ltr'>modo</span> 
     </span>
     <span class='ocr_line' id='line_1_8' title="bbox 140 1083 1309 1170; baseline 0.003 -25"><span class='ocrx_word' id='word_1_56' title='bbox 140 1083 260 1147; x_wconf 87' lang='lat' dir='ltr'>formae</span> <span class='ocrx_word' id='word_1_57' title='bbox 276 1092 326 1154; x_wconf 86' lang='lat' dir='ltr'>ut:</span> <span class='ocrx_word' id='word_1_58' title='bbox 349 1085 469 1163; x_wconf 88' lang='lat' dir='ltr'>‚,iussti‚</span> <span class='ocrx_word' id='word_1_59' title='bbox 493 1106 628 1170; x_wconf 85' lang='lat' dir='ltr'>sumpse,</span> <span class='ocrx_word' id='word_1_60' title='bbox 652 1085 818 1170; x_wconf 81' lang='lat' dir='ltr'>superasti,</span> <span class='ocrx_word' id='word_1_61' title='bbox 840 1083 930 1163; x_wconf 86' lang='lat' dir='ltr'>dixti,</span> <span class='ocrx_word' id='word_1_62' title='bbox 949 1086 1078 1170; x_wconf 84' lang='lat' dir='ltr'>scripse,</span> <span class='ocrx_word' id='word_1_63' title='bbox 1093 1088 1309 1166; x_wconf 70' lang='lat' dir='ltr'>ama(ver)unt,</span> 
     </span>
     <span class='ocr_line' id='line_1_9' title="bbox 140 1189 1310 1277; baseline 0.001 -23"><span class='ocrx_word' id='word_1_64' title='bbox 140 1189 338 1272; x_wconf 80' lang='lat' dir='ltr'>dele(vi)sse“</span> <span class='ocrx_word' id='word_1_65' title='bbox 369 1191 442 1253; x_wconf 89' lang='lat' dir='ltr'>oriri</span> <span class='ocrx_word' id='word_1_66' title='bbox 472 1199 626 1277; x_wconf 86' lang='lat' dir='ltr'>poterant.</span> <span class='ocrx_word' id='word_1_67' title='bbox 681 1189 768 1267; x_wconf 77' lang='lat' dir='ltr'>Quin</span> <span class='ocrx_word' id='word_1_68' title='bbox 803 1192 897 1254; x_wconf 90' lang='lat' dir='ltr'>etiam</span> <span class='ocrx_word' id='word_1_69' title='bbox 926 1192 960 1254; x_wconf 89' lang='lat' dir='ltr'>in</span> <span class='ocrx_word' id='word_1_70' title='bbox 990 1191 1077 1256; x_wconf 91' lang='lat' dir='ltr'>libris</span> <span class='ocrx_word' id='word_1_71' title='bbox 1106 1193 1310 1256; x_wconf 88' lang='lat' dir='ltr'>inveniuntur</span> 
     </span>
     <span class='ocr_line' id='line_1_10' title="bbox 140 1297 1309 1384; baseline 0.003 -24"><span class='ocrx_word' id='word_1_72' title='bbox 140 1297 259 1361; x_wconf 85' lang='lat' dir='ltr'>formae</span> <span class='ocrx_word' id='word_1_73' title='bbox 283 1306 318 1360; x_wconf 87' lang='lat' dir='ltr'>ut</span> <span class='ocrx_word' id='word_1_74' title='bbox 339 1299 384 1361; x_wconf 90' lang='lat' dir='ltr'>ita</span> <span class='ocrx_word' id='word_1_75' title='bbox 407 1297 508 1361; x_wconf 90' lang='lat' dir='ltr'>dicam</span> <span class='ocrx_word' id='word_1_76' title='bbox 534 1298 706 1383; x_wconf 87' lang='lat' dir='ltr'>pleniores,</span> <span class='ocrx_word' id='word_1_77' title='bbox 737 1298 791 1362; x_wconf 91' lang='lat' dir='ltr'>ubi</span> <span class='ocrx_word' id='word_1_78' title='bbox 822 1304 983 1362; x_wconf 82' lang='lat' dir='ltr'>centraote</span> <span class='ocrx_word' id='word_1_79' title='bbox 1011 1321 1063 1362; x_wconf 90' lang='lat' dir='ltr'>eas</span> <span class='ocrx_word' id='word_1_80' title='bbox 1091 1299 1157 1384; x_wconf 86' lang='lat' dir='ltr'>legi</span> <span class='ocrx_word' id='word_1_81' title='bbox 1179 1322 1309 1363; x_wconf 90' lang='lat' dir='ltr'>necesse</span> 
     </span>
     <span class='ocr_line' id='line_1_11' title="bbox 140 1405 1309 1491; baseline 0 -22"><span class='ocrx_word' id='word_1_82' title='bbox 140 1413 197 1483; x_wconf 91' lang='lat' dir='ltr'>est,</span> <span class='ocrx_word' id='word_1_83' title='bbox 219 1413 256 1468; x_wconf 87' lang='lat' dir='ltr'>ut</span> <span class='ocrx_word' id='word_1_84' title='bbox 278 1413 541 1490; x_wconf 86' lang='lat' dir='ltr'>„superaverunt‘</span> <span class='ocrx_word' id='word_1_85' title='bbox 568 1405 684 1491; x_wconf 84' lang='lat' dir='ltr'>legitur</span> <span class='ocrx_word' id='word_1_86' title='bbox 712 1405 765 1469; x_wconf 89' lang='lat' dir='ltr'>ubi</span> <span class='ocrx_word' id='word_1_87' title='bbox 792 1412 1014 1491; x_wconf 87' lang='lat' dir='ltr'>„superarunt“</span> <span class='ocrx_word' id='word_1_88' title='bbox 1042 1406 1309 1491; x_wconf 89' lang='lat' dir='ltr'>pronuntiandum</span> 
     </span>
     <span class='ocr_line' id='line_1_12' title="bbox 140 1510 817 1591; baseline 0.001 -16"><span class='ocrx_word' id='word_1_89' title='bbox 140 1521 196 1576; x_wconf 88' lang='lat' dir='ltr'>est.</span> <span class='ocrx_word' id='word_1_90' title='bbox 242 1510 390 1576; x_wconf 83' lang='lat' dir='ltr'>Ceterum</span> <span class='ocrx_word' id='word_1_91' title='bbox 414 1512 455 1576; x_wconf 86' lang='lat' dir='ltr'>oi.</span> <span class='ocrx_word' id='word_1_92' title='bbox 479 1512 537 1576; x_wconf 91' lang='lat' dir='ltr'>sub</span> <span class='ocrx_word' id='word_1_93' title='bbox 561 1536 590 1577; x_wconf 89' lang='lat' dir='ltr'>v.</span> <span class='ocrx_word' id='word_1_94' title='bbox 615 1512 817 1591; x_wconf 82' lang='lat' dir='ltr'>,‚fenestrae“.</span> 
     </span>
    </p>

    <p class='ocr_par' dir='ltr' id='par_1_3' title="bbox 137 1617 1312 1920">
     <span class='ocr_line' id='line_1_13' title="bbox 172 1617 1309 1705; baseline 0.004 -23"><span class='ocrx_word' id='word_1_95' title='bbox 172 1632 176 1639; x_wconf 89' lang='grc'><strong>“</strong></span> <span class='ocrx_word' id='word_1_96' title='bbox 246 1617 348 1682; x_wconf 82' lang='lat' dir='ltr'>Simili</span> <span class='ocrx_word' id='word_1_97' title='bbox 370 1619 465 1682; x_wconf 92' lang='lat' dir='ltr'>modo</span> <span class='ocrx_word' id='word_1_98' title='bbox 488 1619 656 1704; x_wconf 90' lang='lat' dir='ltr'>legendum</span> <span class='ocrx_word' id='word_1_99' title='bbox 681 1629 730 1684; x_wconf 89' lang='lat' dir='ltr'>est</span> <span class='ocrx_word' id='word_1_100' title='bbox 752 1643 782 1684; x_wconf 89' lang='lat' dir='ltr'>v.</span> <span class='ocrx_word' id='word_1_101' title='bbox 797 1619 959 1698; x_wconf 84' lang='lat' dir='ltr'>„dedisse“</span> <span class='ocrx_word' id='word_1_102' title='bbox 982 1619 1117 1684; x_wconf 63' lang='lat' dir='ltr'>dedisti«</span> <span class='ocrx_word' id='word_1_103' title='bbox 1139 1621 1172 1683; x_wconf 87' lang='lat' dir='ltr'>in</span> <span class='ocrx_word' id='word_1_104' title='bbox 1191 1621 1309 1705; x_wconf 80' lang='lat' dir='ltr'>Amph.</span> 
     </span>
     <span class='ocr_line' id='line_1_14' title="bbox 138 1727 1311 1813; baseline 0.002 -23"><span class='ocrx_word' id='word_1_105' title='bbox 138 1749 167 1790; x_wconf 86' lang='lat' dir='ltr'>o.</span> <span class='ocrx_word' id='word_1_106' title='bbox 200 1731 274 1808; x_wconf 84' lang='lat'>761,</span> <span class='ocrx_word' id='word_1_107' title='bbox 314 1727 384 1791; x_wconf 77' lang='lat' dir='ltr'>Cos,</span> <span class='ocrx_word' id='word_1_108' title='bbox 410 1749 439 1790; x_wconf 83' lang='lat' dir='ltr'>o.</span> <span class='ocrx_word' id='word_1_109' title='bbox 468 1730 554 1809; x_wconf 79' lang='lat'>238,</span> <span class='ocrx_word' id='word_1_110' title='bbox 595 1728 686 1791; x_wconf 79' lang='lat' dir='ltr'>Coro.</span> <span class='ocrx_word' id='word_1_111' title='bbox 717 1749 746 1792; x_wconf 83' lang='lat' dir='ltr'>o.</span> <span class='ocrx_word' id='word_1_112' title='bbox 776 1730 859 1808; x_wconf 72' lang='lat'>345,</span> <span class='ocrx_word' id='word_1_113' title='bbox 895 1728 982 1792; x_wconf 78' lang='lat' dir='ltr'>Meu.</span> <span class='ocrx_word' id='word_1_114' title='bbox 1012 1750 1042 1792; x_wconf 78' lang='lat' dir='ltr'>a.</span> <span class='ocrx_word' id='word_1_115' title='bbox 1071 1730 1150 1792; x_wconf 82' lang='lat'>689.</span> <span class='ocrx_word' id='word_1_116' title='bbox 1213 1727 1311 1813; x_wconf 88' lang='lat' dir='ltr'>Apud</span> 
     </span>
     <span class='ocr_line' id='line_1_15' title="bbox 137 1833 1312 1920; baseline 0.003 -25"><span class='ocrx_word' id='word_1_117' title='bbox 137 1833 285 1898; x_wconf 86' lang='lat' dir='ltr'>Plautum</span> <span class='ocrx_word' id='word_1_118' title='bbox 309 1843 473 1917; x_wconf 88' lang='lat' dir='ltr'>utramque</span> <span class='ocrx_word' id='word_1_119' title='bbox 489 1834 626 1919; x_wconf 82' lang='lat' dir='ltr'>perfecti</span> <span class='ocrx_word' id='word_1_120' title='bbox 641 1834 774 1898; x_wconf 85' lang='lat' dir='ltr'>formam</span> <span class='ocrx_word' id='word_1_121' title='bbox 791 1836 935 1919; x_wconf 88' lang='lat' dir='ltr'>usurpari</span> <span class='ocrx_word' id='word_1_122' title='bbox 950 1833 1044 1898; x_wconf 90' lang='lat' dir='ltr'>docet</span> <span class='ocrx_word' id='word_1_123' title='bbox 1060 1833 1200 1920; x_wconf 86' lang='lat' dir='ltr'>Spengel</span> <span class='ocrx_word' id='word_1_124' title='bbox 1217 1858 1248 1920; x_wconf 92' lang='lat' dir='ltr'>p.</span> <span class='ocrx_word' id='word_1_125' title='bbox 1262 1838 1312 1899; x_wconf 87' lang='lat'>98.</span> 
     </span>
    </p>

    <p class='ocr_par' dir='ltr' id='par_1_4' title="bbox 136 1940 1312 2455">
     <span class='ocr_line' id='line_1_16' title="bbox 244 1940 1312 2025; baseline 0.003 -22"><span class='ocrx_word' id='word_1_126' title='bbox 244 1940 284 2003; x_wconf 91' lang='lat' dir='ltr'>In</span> <span class='ocrx_word' id='word_1_127' title='bbox 307 1943 401 2005; x_wconf 78' lang='lat' dir='ltr'>Asin.</span> <span class='ocrx_word' id='word_1_128' title='bbox 427 1963 456 2005; x_wconf 73' lang='lat' dir='ltr'>a.</span> <span class='ocrx_word' id='word_1_129' title='bbox 485 1945 574 2005; x_wconf 79' lang='lat'><em>372:</em></span> <span class='ocrx_word' id='word_1_130' title='bbox 605 1963 696 2020; x_wconf 69' lang='lat' dir='ltr'>,mox</span> <span class='ocrx_word' id='word_1_131' title='bbox 725 1963 819 2025; x_wconf 90' lang='lat' dir='ltr'>quom</span> <span class='ocrx_word' id='word_1_132' title='bbox 844 1940 993 2005; x_wconf 84' lang='lat' dir='ltr'>Sauream</span> <span class='ocrx_word' id='word_1_133' title='bbox 1023 1940 1173 2005; x_wconf 90' lang='lat' dir='ltr'>imitabor</span> <span class='ocrx_word' id='word_1_134' title='bbox 1197 1952 1312 2008; x_wconf 86' lang='lat' dir='ltr'>caveto</span> 
     </span>
     <span class='ocr_line' id='line_1_17' title="bbox 137 2046 1311 2135; baseline 0.003 -25"><span class='ocrx_word' id='word_1_135' title='bbox 137 2070 177 2111; x_wconf 92' lang='lat' dir='ltr'>ne</span> <span class='ocrx_word' id='word_1_136' title='bbox 201 2055 402 2111; x_wconf 87' lang='lat' dir='ltr'>suscenseas“</span> <span class='ocrx_word' id='word_1_137' title='bbox 434 2046 573 2133; x_wconf 82' lang='lat' dir='ltr'>Spengel</span> <span class='ocrx_word' id='word_1_138' title='bbox 605 2072 635 2133; x_wconf 93' lang='lat' dir='ltr'>p.</span> <span class='ocrx_word' id='word_1_139' title='bbox 659 2051 700 2112; x_wconf 84' lang='grc'>93</span> <span class='ocrx_word' id='word_1_140' title='bbox 723 2071 782 2133; x_wconf 66' lang='lat' dir='ltr'>sq,</span> <span class='ocrx_word' id='word_1_141' title='bbox 814 2072 845 2134; x_wconf 90' lang='lat' dir='ltr'>p.</span> <span class='ocrx_word' id='word_1_142' title='bbox 870 2051 933 2113; x_wconf 83' lang='lat'>230</span> <span class='ocrx_word' id='word_1_143' title='bbox 966 2047 1038 2113; x_wconf 88' lang='lat' dir='ltr'>vult</span> <span class='ocrx_word' id='word_1_144' title='bbox 1067 2056 1199 2128; x_wconf 85' lang='lat' dir='ltr'>„cauto“</span> <span class='ocrx_word' id='word_1_145' title='bbox 1233 2049 1311 2135; x_wconf 84' lang='lat' dir='ltr'>legi;</span> 
     </span>
     <span class='ocr_line' id='line_1_18' title="bbox 138 2154 1311 2240; baseline -0.001 -20"><span class='ocrx_word' id='word_1_146' title='bbox 138 2155 261 2232; x_wconf 76' lang='lat' dir='ltr'>videaS,</span> <span class='ocrx_word' id='word_1_147' title='bbox 293 2177 373 2239; x_wconf 90' lang='lat' dir='ltr'>quae</span> <span class='ocrx_word' id='word_1_148' title='bbox 406 2155 542 2218; x_wconf 89' lang='lat' dir='ltr'>Mueller</span> <span class='ocrx_word' id='word_1_149' title='bbox 564 2179 594 2240; x_wconf 91' lang='lat' dir='ltr'>p.</span> <span class='ocrx_word' id='word_1_150' title='bbox 618 2158 679 2220; x_wconf 72' lang='lat' dir='ltr'>aot</span> <span class='ocrx_word' id='word_1_151' title='bbox 715 2164 825 2219; x_wconf 90' lang='lat' dir='ltr'>contra</span> <span class='ocrx_word' id='word_1_152' title='bbox 856 2154 937 2220; x_wconf 89' lang='lat' dir='ltr'>hanc</span> <span class='ocrx_word' id='word_1_153' title='bbox 969 2155 1121 2219; x_wconf 88' lang='lat' dir='ltr'>metiendi</span> <span class='ocrx_word' id='word_1_154' title='bbox 1144 2158 1311 2221; x_wconf 86' lang='lat' dir='ltr'>rationem</span> 
     </span>
     <span class='ocr_line' id='line_1_19' title="bbox 137 2261 1310 2348; baseline 0.001 -22"><span class='ocrx_word' id='word_1_155' title='bbox 137 2262 311 2348; x_wconf 88' lang='lat' dir='ltr'>protulerit.</span> <span class='ocrx_word' id='word_1_156' title='bbox 349 2261 397 2327; x_wconf 89' lang='lat' dir='ltr'>Ut</span> <span class='ocrx_word' id='word_1_157' title='bbox 420 2264 604 2348; x_wconf 87' lang='lat' dir='ltr'>saepissime</span> <span class='ocrx_word' id='word_1_158' title='bbox 623 2262 720 2327; x_wconf 90' lang='lat' dir='ltr'>verba</span> <span class='ocrx_word' id='word_1_159' title='bbox 742 2262 975 2348; x_wconf 87' lang='lat' dir='ltr'>transponenda</span> <span class='ocrx_word' id='word_1_160' title='bbox 999 2271 1079 2326; x_wconf 88' lang='lat' dir='ltr'>sunt.</span> <span class='ocrx_word' id='word_1_161' title='bbox 1118 2262 1310 2329; x_wconf 82' lang='lat' dir='ltr'>Fleckeisen</span> 
     </span>
     <span class='ocr_line' id='line_1_20' title="bbox 136 2369 1270 2455; baseline 0.003 -23"><span class='ocrx_word' id='word_1_162' title='bbox 136 2371 233 2455; x_wconf 89' lang='lat' dir='ltr'>igitur</span> <span class='ocrx_word' id='word_1_163' title='bbox 255 2378 340 2433; x_wconf 92' lang='lat' dir='ltr'>recte</span> <span class='ocrx_word' id='word_1_164' title='bbox 358 2369 422 2455; x_wconf 91' lang='lat' dir='ltr'>legi</span> <span class='ocrx_word' id='word_1_165' title='bbox 438 2370 522 2434; x_wconf 89' lang='lat' dir='ltr'>vult:</span> <span class='ocrx_word' id='word_1_166' title='bbox 546 2375 637 2449; x_wconf 75' lang='lat' dir='ltr'>„mox</span> <span class='ocrx_word' id='word_1_167' title='bbox 660 2393 755 2454; x_wconf 91' lang='lat' dir='ltr'>quom</span> <span class='ocrx_word' id='word_1_168' title='bbox 779 2369 928 2434; x_wconf 77' lang='lat' dir='ltr'>imitabor</span> <span class='ocrx_word' id='word_1_169' title='bbox 951 2369 1100 2436; x_wconf 79' lang='lat' dir='ltr'>Sauream</span> <span class='ocrx_word' id='word_1_170' title='bbox 1124 2376 1270 2436; x_wconf 78' lang='lat' dir='ltr'>caveto.“</span> 
     </span>
    </p>

    <p class='ocr_par' dir='ltr' id='par_1_5' title="bbox 136 2476 1313 2991">
     <span class='ocr_line' id='line_1_21' title="bbox 243 2476 1310 2562; baseline 0.003 -23"><span class='ocrx_word' id='word_1_171' title='bbox 243 2476 282 2539; x_wconf 90' lang='lat' dir='ltr'>In</span> <span class='ocrx_word' id='word_1_172' title='bbox 310 2478 399 2562; x_wconf 77' lang='lat' dir='ltr'>Copt.</span> <span class='ocrx_word' id='word_1_173' title='bbox 426 2500 455 2542; x_wconf 84' lang='lat' dir='ltr'>o.</span> <span class='ocrx_word' id='word_1_174' title='bbox 481 2481 565 2541; x_wconf 74' lang='lat'><strong><em>431:</em></strong></span> <span class='ocrx_word' id='word_1_175' title='bbox 596 2488 708 2562; x_wconf 89' lang='lat' dir='ltr'>„atque</span> <span class='ocrx_word' id='word_1_176' title='bbox 739 2477 859 2541; x_wconf 91' lang='lat' dir='ltr'>horunc</span> <span class='ocrx_word' id='word_1_177' title='bbox 883 2476 1050 2542; x_wconf 88' lang='lat' dir='ltr'>verborum</span> <span class='ocrx_word' id='word_1_178' title='bbox 1074 2499 1169 2540; x_wconf 88' lang='lat' dir='ltr'>causa</span> <span class='ocrx_word' id='word_1_179' title='bbox 1195 2487 1310 2544; x_wconf 83' lang='lat' dir='ltr'>caveto</span> 
     </span>
     <span class='ocr_line' id='line_1_22' title="bbox 136 2583 1311 2670; baseline 0.003 -24"><span class='ocrx_word' id='word_1_180' title='bbox 136 2586 180 2647; x_wconf 90' lang='lat' dir='ltr'>mi</span> <span class='ocrx_word' id='word_1_181' title='bbox 202 2586 300 2647; x_wconf 88' lang='lat' dir='ltr'>iratus</span> <span class='ocrx_word' id='word_1_182' title='bbox 319 2584 408 2648; x_wconf 84' lang='lat' dir='ltr'>fuas“</span> <span class='ocrx_word' id='word_1_183' title='bbox 433 2583 579 2670; x_wconf 88' lang='lat' dir='ltr'>Geppert</span> <span class='ocrx_word' id='word_1_184' title='bbox 593 2594 818 2670; x_wconf 81' lang='lat' dir='ltr'>transponens:</span> <span class='ocrx_word' id='word_1_185' title='bbox 842 2593 973 2662; x_wconf 86' lang='lat' dir='ltr'>„caveto</span> <span class='ocrx_word' id='word_1_186' title='bbox 996 2586 1093 2647; x_wconf 88' lang='lat' dir='ltr'>iratus</span> <span class='ocrx_word' id='word_1_187' title='bbox 1116 2583 1197 2647; x_wconf 92' lang='lat' dir='ltr'>mihi</span> <span class='ocrx_word' id='word_1_188' title='bbox 1221 2585 1311 2650; x_wconf 84' lang='lat' dir='ltr'>fuas“</span> 
     </span>
     <span class='ocr_line' id='line_1_23' title="bbox 136 2691 1311 2778; baseline 0.003 -25"><span class='ocrx_word' id='word_1_189' title='bbox 136 2691 292 2776; x_wconf 88' lang='lat' dir='ltr'>legitimos</span> <span class='ocrx_word' id='word_1_190' title='bbox 324 2714 470 2754; x_wconf 89' lang='lat' dir='ltr'>numeros</span> <span class='ocrx_word' id='word_1_191' title='bbox 502 2691 688 2755; x_wconf 88' lang='lat' dir='ltr'>restituebat</span> <span class='ocrx_word' id='word_1_192' title='bbox 695 2716 704 2770; x_wconf 88' lang='lat'>;</span> <span class='ocrx_word' id='word_1_193' title='bbox 738 2701 847 2755; x_wconf 87' lang='lat' dir='ltr'>contra</span> <span class='ocrx_word' id='word_1_194' title='bbox 876 2691 1014 2754; x_wconf 90' lang='lat' dir='ltr'>Mueller</span> <span class='ocrx_word' id='word_1_195' title='bbox 1036 2715 1066 2776; x_wconf 93' lang='lat' dir='ltr'>p.</span> <span class='ocrx_word' id='word_1_196' title='bbox 1091 2693 1153 2755; x_wconf 80' lang='lat'>267</span> <span class='ocrx_word' id='word_1_197' title='bbox 1186 2694 1311 2778; x_wconf 89' lang='lat' dir='ltr'>optimo</span> 
     </span>
     <span class='ocr_line' id='line_1_24' title="bbox 136 2797 1313 2883; baseline 0.003 -23"><span class='ocrx_word' id='word_1_198' title='bbox 136 2797 216 2861; x_wconf 90' lang='lat' dir='ltr'>dicit</span> <span class='ocrx_word' id='word_1_199' title='bbox 237 2800 320 2861; x_wconf 87' lang='lat' dir='ltr'>iure:</span> <span class='ocrx_word' id='word_1_200' title='bbox 344 2821 396 2877; x_wconf 89' lang='lat' dir='ltr'>„es</span> <span class='ocrx_word' id='word_1_201' title='bbox 419 2798 532 2883; x_wconf 77' lang='lat' dir='ltr'>gehort</span> <span class='ocrx_word' id='word_1_202' title='bbox 554 2800 605 2861; x_wconf 92' lang='lat' dir='ltr'>ein</span> <span class='ocrx_word' id='word_1_203' title='bbox 630 2798 752 2862; x_wconf 87' lang='lat' dir='ltr'>starker</span> <span class='ocrx_word' id='word_1_204' title='bbox 776 2797 899 2862; x_wconf 85' lang='lat' dir='ltr'>Glaube</span> <span class='ocrx_word' id='word_1_205' title='bbox 923 2821 963 2861; x_wconf 91' lang='lat' dir='ltr'>an</span> <span class='ocrx_word' id='word_1_206' title='bbox 987 2797 1038 2862; x_wconf 93' lang='lat' dir='ltr'>die</span> <span class='ocrx_word' id='word_1_207' title='bbox 1056 2797 1231 2883; x_wconf 64' lang='lat' dir='ltr'>Integritatt</span> <span class='ocrx_word' id='word_1_208' title='bbox 1254 2799 1313 2864; x_wconf 90' lang='lat' dir='ltr'>der</span> 
     </span>
     <span class='ocr_line' id='line_1_25' title="bbox 136 2889 1113 2991; baseline -0.002 -22"><span class='ocrx_word' id='word_1_209' title='bbox 136 2889 389 2990; x_wconf 80' lang='lat' dir='ltr'>llborlicierung,</span> <span class='ocrx_word' id='word_1_210' title='bbox 412 2904 464 2968; x_wconf 90' lang='lat' dir='ltr'>die</span> <span class='ocrx_word' id='word_1_211' title='bbox 488 2890 665 2991; x_wconf 68' lang='lat' dir='ltr'>ilnderung</span> <span class='ocrx_word' id='word_1_212' title='bbox 688 2928 766 2970; x_wconf 90' lang='lat' dir='ltr'>cave</span> <span class='ocrx_word' id='word_1_213' title='bbox 789 2914 824 2969; x_wconf 88' lang='lat' dir='ltr'>tu</span> <span class='ocrx_word' id='word_1_214' title='bbox 847 2903 886 2968; x_wconf 66' lang='lat' dir='ltr'>&#39;zu</span> <span class='ocrx_word' id='word_1_215' title='bbox 911 2905 1113 2971; x_wconf 83' lang='lat' dir='ltr'>verwerfen.“</span> 
     </span>
    </p>

    <p class='ocr_par' dir='ltr' id='par_1_6' title="bbox 134 3012 1307 3954">
     <span class='ocr_line' id='line_1_26' title="bbox 242 3012 1307 3098; baseline 0.002 -23"><span class='ocrx_word' id='word_1_216' title='bbox 242 3012 353 3076; x_wconf 76' lang='lat' dir='ltr'>decere</span> <span class='ocrx_word' id='word_1_217' title='bbox 380 3013 413 3075; x_wconf 91' lang='lat' dir='ltr'>in</span> <span class='ocrx_word' id='word_1_218' title='bbox 448 3013 538 3096; x_wconf 56' lang='lat' dir='ltr'>Capit.</span> <span class='ocrx_word' id='word_1_219' title='bbox 564 3035 593 3076; x_wconf 81' lang='lat' dir='ltr'>a.</span> <span class='ocrx_word' id='word_1_220' title='bbox 622 3016 706 3076; x_wconf 81' lang='lat'><em>321:</em></span> <span class='ocrx_word' id='word_1_221' title='bbox 740 3035 797 3091; x_wconf 88' lang='lat' dir='ltr'>„ne</span> <span class='ocrx_word' id='word_1_222' title='bbox 827 3014 910 3098; x_wconf 90' lang='lat' dir='ltr'>patri</span> <span class='ocrx_word' id='word_1_223' title='bbox 939 3014 1066 3076; x_wconf 88' lang='lat' dir='ltr'>tametsi</span> <span class='ocrx_word' id='word_1_224' title='bbox 1094 3013 1207 3077; x_wconf 84' lang='lat' dir='ltr'>unicus</span> <span class='ocrx_word' id='word_1_225' title='bbox 1240 3036 1307 3077; x_wconf 89' lang='lat' dir='ltr'>sum</span> 
     </span>
     <span class='ocr_line' id='line_1_27' title="bbox 135 3117 1307 3204; baseline -0.001 -20"><span class='ocrx_word' id='word_1_226' title='bbox 135 3120 247 3184; x_wconf 89' lang='lat' dir='ltr'>decere</span> <span class='ocrx_word' id='word_1_227' title='bbox 271 3119 415 3184; x_wconf 90' lang='lat' dir='ltr'>videatur</span> <span class='ocrx_word' id='word_1_228' title='bbox 437 3121 554 3204; x_wconf 80' lang='lat' dir='ltr'>magis‘</span> <span class='ocrx_word' id='word_1_229' title='bbox 577 3119 707 3204; x_wconf 90' lang='lat' dir='ltr'>legitur;</span> <span class='ocrx_word' id='word_1_230' title='bbox 731 3142 770 3182; x_wconf 92' lang='lat' dir='ltr'>ne</span> <span class='ocrx_word' id='word_1_231' title='bbox 789 3117 927 3204; x_wconf 90' lang='lat' dir='ltr'>Spengel</span> <span class='ocrx_word' id='word_1_232' title='bbox 946 3118 1082 3203; x_wconf 87' lang='lat' dir='ltr'>quidem,</span> <span class='ocrx_word' id='word_1_233' title='bbox 1099 3120 1160 3204; x_wconf 89' lang='lat' dir='ltr'>qui</span> <span class='ocrx_word' id='word_1_234' title='bbox 1176 3129 1307 3185; x_wconf 86' lang='lat' dir='ltr'>conten·</span> 
     </span>
     <span class='ocr_line' id='line_1_28' title="bbox 135 3224 1305 3312; baseline 0 -21"><span class='ocrx_word' id='word_1_235' title='bbox 135 3227 236 3291; x_wconf 90' lang='lat' dir='ltr'>disset</span> <span class='ocrx_word' id='word_1_236' title='bbox 267 3227 395 3305; x_wconf 73' lang='lat' dir='ltr'>„decet‘</span> <span class='ocrx_word' id='word_1_237' title='bbox 427 3248 497 3291; x_wconf 90' lang='lat' dir='ltr'>esse</span> <span class='ocrx_word' id='word_1_238' title='bbox 530 3229 781 3312; x_wconf 88' lang='lat' dir='ltr'>pronuntiatum,</span> <span class='ocrx_word' id='word_1_239' title='bbox 813 3225 964 3304; x_wconf 86' lang='lat' dir='ltr'>„decere“</span> <span class='ocrx_word' id='word_1_240' title='bbox 995 3236 1031 3290; x_wconf 90' lang='lat' dir='ltr'>nt</span> <span class='ocrx_word' id='word_1_241' title='bbox 1059 3224 1209 3305; x_wconf 72' lang='lat' dir='ltr'>‚,decere“</span> <span class='ocrx_word' id='word_1_242' title='bbox 1237 3228 1305 3291; x_wconf 91' lang='lat' dir='ltr'>usui</span> 
     </span>
     <span class='ocr_line' id='line_1_29' title="bbox 134 3333 1305 3420; baseline 0.001 -23"><span class='ocrx_word' id='word_1_243' title='bbox 134 3334 232 3398; x_wconf 81' lang='lat' dir='ltr'>fuisse</span> <span class='ocrx_word' id='word_1_244' title='bbox 256 3344 355 3420; x_wconf 88' lang='lat' dir='ltr'>putat,</span> <span class='ocrx_word' id='word_1_245' title='bbox 379 3334 464 3418; x_wconf 88' lang='lat' dir='ltr'>quod</span> <span class='ocrx_word' id='word_1_246' title='bbox 487 3333 539 3398; x_wconf 92' lang='lat' dir='ltr'>hic</span> <span class='ocrx_word' id='word_1_247' title='bbox 555 3334 644 3397; x_wconf 92' lang='lat' dir='ltr'>locus</span> <span class='ocrx_word' id='word_1_248' title='bbox 669 3336 780 3397; x_wconf 91' lang='lat' dir='ltr'>unicus</span> <span class='ocrx_word' id='word_1_249' title='bbox 797 3335 847 3412; x_wconf 90' lang='lat' dir='ltr'>sit,</span> <span class='ocrx_word' id='word_1_250' title='bbox 871 3355 933 3418; x_wconf 90' lang='lat' dir='ltr'>quo</span> <span class='ocrx_word' id='word_1_251' title='bbox 958 3333 1035 3397; x_wconf 90' lang='lat' dir='ltr'>haec</span> <span class='ocrx_word' id='word_1_252' title='bbox 1050 3333 1203 3397; x_wconf 91' lang='lat' dir='ltr'>metiendi</span> <span class='ocrx_word' id='word_1_253' title='bbox 1227 3336 1305 3398; x_wconf 89' lang='lat' dir='ltr'>ratio</span> 
     </span>
     <span class='ocr_line' id='line_1_30' title="bbox 134 3439 1304 3526; baseline 0 -21"><span class='ocrx_word' id='word_1_254' title='bbox 134 3441 343 3505; x_wconf 86' lang='lat' dir='ltr'>demonstrari</span> <span class='ocrx_word' id='word_1_255' title='bbox 359 3443 469 3526; x_wconf 89' lang='lat' dir='ltr'>possit.</span> <span class='ocrx_word' id='word_1_256' title='bbox 508 3442 688 3505; x_wconf 87' lang='lat' dir='ltr'>Bentleius:</span> <span class='ocrx_word' id='word_1_257' title='bbox 713 3464 801 3519; x_wconf 89' lang='lat' dir='ltr'>„esse</span> <span class='ocrx_word' id='word_1_258' title='bbox 818 3464 834 3505; x_wconf 93' lang='lat' dir='ltr'>e</span> <span class='ocrx_word' id='word_1_259' title='bbox 850 3447 901 3504; x_wconf 90' lang='lat' dir='ltr'>re“</span> <span class='ocrx_word' id='word_1_260' title='bbox 921 3440 1094 3520; x_wconf 87' lang='lat' dir='ltr'>substituit,</span> <span class='ocrx_word' id='word_1_261' title='bbox 1117 3439 1304 3505; x_wconf 81' lang='lat' dir='ltr'>Fleckeisen</span> 
     </span>
     <span class='ocr_line' id='line_1_31' title="bbox 134 3548 1305 3634; baseline 0.001 -24"><span class='ocrx_word' id='word_1_262' title='bbox 134 3551 226 3612; x_wconf 90' lang='lat' dir='ltr'>nimis</span> <span class='ocrx_word' id='word_1_263' title='bbox 251 3548 407 3612; x_wconf 85' lang='lat' dir='ltr'>violenter</span> <span class='ocrx_word' id='word_1_264' title='bbox 429 3550 592 3634; x_wconf 88' lang='lat' dir='ltr'>transponi</span> <span class='ocrx_word' id='word_1_265' title='bbox 617 3548 700 3612; x_wconf 90' lang='lat' dir='ltr'>vult:</span> <span class='ocrx_word' id='word_1_266' title='bbox 732 3553 787 3626; x_wconf 78' lang='lat' dir='ltr'>„ne</span> <span class='ocrx_word' id='word_1_267' title='bbox 816 3549 945 3611; x_wconf 88' lang='lat' dir='ltr'>tametsi</span> <span class='ocrx_word' id='word_1_268' title='bbox 972 3550 1082 3610; x_wconf 87' lang='lat' dir='ltr'>unicus</span> <span class='ocrx_word' id='word_1_269' title='bbox 1111 3569 1181 3610; x_wconf 89' lang='lat' dir='ltr'>sum</span> <span class='ocrx_word' id='word_1_270' title='bbox 1204 3549 1305 3633; x_wconf 79' lang='lat' dir='ltr'>magis</span> 
     </span>
     <span class='ocr_line' id='line_1_32' title="bbox 135 3654 1305 3740; baseline 0 -21"><span class='ocrx_word' id='word_1_271' title='bbox 135 3656 246 3719; x_wconf 77' lang='lat' dir='ltr'>doecre</span> <span class='ocrx_word' id='word_1_272' title='bbox 271 3655 415 3720; x_wconf 79' lang='lat' dir='ltr'>videatur</span> <span class='ocrx_word' id='word_1_273' title='bbox 438 3657 536 3740; x_wconf 87' lang='lat' dir='ltr'>patri“</span> <span class='ocrx_word' id='word_1_274' title='bbox 567 3655 634 3719; x_wconf 89' lang='lat' dir='ltr'>Leo</span> <span class='ocrx_word' id='word_1_275' title='bbox 658 3654 847 3718; x_wconf 87' lang='lat' dir='ltr'>Muellerum</span> <span class='ocrx_word' id='word_1_276' title='bbox 872 3663 1014 3718; x_wconf 89' lang='lat' dir='ltr'>secutus:</span> <span class='ocrx_word' id='word_1_277' title='bbox 1045 3659 1100 3732; x_wconf 78' lang='lat' dir='ltr'>„ne</span> <span class='ocrx_word' id='word_1_278' title='bbox 1128 3656 1212 3740; x_wconf 89' lang='lat' dir='ltr'>patri</span> <span class='ocrx_word' id='word_1_279' title='bbox 1241 3665 1305 3719; x_wconf 83' lang='lat' dir='ltr'>tarn</span> 
     </span>
     <span class='ocr_line' id='line_1_33' title="bbox 135 3760 1305 3848; baseline -0.001 -22"><span class='ocrx_word' id='word_1_280' title='bbox 135 3765 194 3826; x_wconf 73' lang='lat' dir='ltr'>etsi</span> <span class='ocrx_word' id='word_1_281' title='bbox 211 3786 278 3825; x_wconf 90' lang='lat' dir='ltr'>sum</span> <span class='ocrx_word' id='word_1_282' title='bbox 296 3765 417 3841; x_wconf 87' lang='lat' dir='ltr'>unicus,</span> <span class='ocrx_word' id='word_1_283' title='bbox 442 3762 554 3825; x_wconf 89' lang='lat' dir='ltr'>decere</span> <span class='ocrx_word' id='word_1_284' title='bbox 571 3762 717 3826; x_wconf 82' lang='lat' dir='ltr'>videatur</span> <span class='ocrx_word' id='word_1_285' title='bbox 732 3764 861 3847; x_wconf 88' lang='lat' dir='ltr'>magis“;</span> <span class='ocrx_word' id='word_1_286' title='bbox 886 3760 1028 3826; x_wconf 89' lang='lat' dir='ltr'>Sohoell:</span> <span class='ocrx_word' id='word_1_287' title='bbox 1052 3761 1201 3840; x_wconf 87' lang='lat' dir='ltr'>„decore“</span> <span class='ocrx_word' id='word_1_288' title='bbox 1220 3762 1305 3848; x_wconf 84' lang='lat' dir='ltr'>legit.</span> 
     </span>
     <span class='ocr_line' id='line_1_34' title="bbox 135 3869 1065 3954; baseline -0.002 -20"><span class='ocrx_word' id='word_1_289' title='bbox 135 3870 277 3954; x_wconf 88' lang='lat' dir='ltr'>Utraque</span> <span class='ocrx_word' id='word_1_290' title='bbox 302 3872 432 3932; x_wconf 87' lang='lat' dir='ltr'>minima</span> <span class='ocrx_word' id='word_1_291' title='bbox 455 3870 628 3933; x_wconf 87' lang='lat' dir='ltr'>mutatione</span> <span class='ocrx_word' id='word_1_292' title='bbox 652 3870 752 3932; x_wconf 91' lang='lat' dir='ltr'>onmis</span> <span class='ocrx_word' id='word_1_293' title='bbox 777 3869 914 3933; x_wconf 82' lang='lat' dir='ltr'>offensio</span> <span class='ocrx_word' id='word_1_294' title='bbox 937 3869 1065 3932; x_wconf 90' lang='lat' dir='ltr'>tollitur.</span> 
     </span>
    </p>

    <p class='ocr_par' dir='ltr' id='par_1_7' title="bbox 132 3958 1305 4170">
     <span class='ocr_line' id='line_1_35' title="bbox 243 3958 1305 4061; baseline 0.003 -24"><span class='ocrx_word' id='word_1_295' title='bbox 243 3978 342 4040; x_wconf 68' lang='lat' dir='ltr'>su&#39;el.</span> <span class='ocrx_word' id='word_1_296' title='bbox 368 4000 397 4041; x_wconf 76' lang='lat' dir='ltr'>r.</span> <span class='ocrx_word' id='word_1_297' title='bbox 421 3980 483 4040; x_wconf 74' lang='lat'>97:</span> <span class='ocrx_word' id='word_1_298' title='bbox 507 3999 617 4060; x_wconf 84' lang='lat' dir='ltr'>„quem</span> <span class='ocrx_word' id='word_1_299' title='bbox 642 3978 786 4061; x_wconf 87' lang='lat' dir='ltr'>aequiust</span> <span class='ocrx_word' id='word_1_300' title='bbox 809 3999 866 4039; x_wconf 88' lang='lat' dir='ltr'>nos</span> <span class='ocrx_word' id='word_1_301' title='bbox 890 3958 1047 4061; x_wconf 67' lang='lat' dir='ltr'>potiorem</span> <span class='ocrx_word' id='word_1_302' title='bbox 1070 3974 1187 4040; x_wconf 67' lang='lat' dir='ltr'>habere</span> <span class='ocrx_word' id='word_1_303' title='bbox 1211 3980 1305 4061; x_wconf 76' lang='lat' dir='ltr'>quam</span> 
     </span>
     <span class='ocr_line' id='line_1_36' title="bbox 132 4083 1305 4170; baseline 0.001 -24"><span class='ocrx_word' id='word_1_304' title='bbox 132 4089 186 4147; x_wconf 76' lang='lat' dir='ltr'>tc?</span> <span class='ocrx_word' id='word_1_305' title='bbox 214 4084 360 4170; x_wconf 81' lang='lat' dir='ltr'>postidea</span> <span class='ocrx_word' id='word_1_306' title='bbox 385 4092 491 4169; x_wconf 85' lang='lat' dir='ltr'>pater“</span> <span class='ocrx_word' id='word_1_307' title='bbox 516 4093 646 4168; x_wconf 87' lang='lat' dir='ltr'>propter</span> <span class='ocrx_word' id='word_1_308' title='bbox 670 4107 779 4149; x_wconf 83' lang='lat' dir='ltr'>vocem</span> <span class='ocrx_word' id='word_1_309' title='bbox 809 4083 957 4162; x_wconf 86' lang='lat' dir='ltr'>„habcre“</span> <span class='ocrx_word' id='word_1_310' title='bbox 989 4092 1164 4167; x_wconf 89' lang='lat' dir='ltr'>correptam</span> <span class='ocrx_word' id='word_1_311' title='bbox 1194 4085 1305 4168; x_wconf 88' lang='lat' dir='ltr'>(cuius</span> 
     </span>
    </p>
   </div>
   <div class='ocr_carea' id='block_1_3' title="bbox 0 0 1456 4710">
    <p class='ocr_par' dir='ltr' id='par_1_8' title="bbox 0 0 1456 4710">
     <span class='ocr_line' id='line_1_37' title="bbox 0 0 1456 4710; baseline 0 0"><span class='ocrx_word' id='word_1_312' title='bbox 0 0 1456 4710; x_wconf 95' lang='lat' dir='ltr'> </span> 
     </span>
    </p>
   </div>
  </div>
 </body>
</html>
