2904 4710
617 256 830 353 Q-

139 446 218 509 nihil
248 446 373 512 obstare
403 447 543 528 videtur,
573 451 740 533 quominus
768 449 936 514 Ritschelii
965 451 1148 515 coniectura
1178 449 1313 537 probata

139 575 300 618 caesuram
324 556 613 640 semiseptenariam
636 565 819 621 statuamus.

246 670 407 752 Scelestae
425 690 458 752 in
481 690 572 753 initio
588 691 672 775 quod
693 690 823 755 liberius
848 713 917 755 esse
941 700 1067 756 constat
1083 693 1178 756 Most.
1194 714 1225 756 6.
1243 697 1265 756 5
1270 695 1313 756 04

138 795 268 880 legitur:
292 777 546 874 ,sceltsae'lae
570 797 1126 883 5116166665,166165116611611611
1170 797 1311 884 Spengel

138 924 168 986 p.
186 905 226 966 92
250 903 419 982 „sclestae“
438 906 632 990 pronuntiari
649 905 726 984 vult,
750 905 848 968 Klotz
872 928 902 991 p.
919 908 960 970 82
984 906 1172 984 „scelestae‘
1188 905 1313 992 probat,

138 1008 326 1074 Fleckeisen
357 1012 390 1075 in
422 1035 470 1076 an.
500 1011 608 1097 philol.
640 1036 669 1077 v.
695 1015 757 1076 143
787 1036 817 1098 p.
841 1015 903 1076 681
936 1012 1110 1092 „scelerae“
1134 1012 1312 1093 substituit,

139 1116 223 1200 quod
253 1116 445 1183 adiectivum
479 1122 662 1205 usurpatum
696 1118 775 1183 dicit
804 1121 836 1182 in
860 1118 975 1184 Pseud.
1009 1143 1038 1184 v.
1063 1112 1156 1185 6171Ι
1178 1122 1313 1200 „teritur

139 1224 257 1308 sinapis
290 1219 436 1305 scelera“,
469 1251 498 1290 v.
525 1228 609 1290 1074
641 1227 813 1311 „scelerum
846 1233 968 1312 caput“.
1021 1227 1095 1291 Hoc
1129 1227 1312 1313 exemplum

138 1352 200 1393 non
224 1331 371 1415 quadrat,
401 1356 473 1396 nam
496 1332 612 1397 Pseud.
636 1357 665 1398 v.
691 1337 753 1398 132
778 1342 810 1397 61
833 1332 915 1398 Rud.
938 1357 967 1398 v.
994 1337 1078 1399 1098
1102 1334 1214 1398 similis
1239 1358 1312 1399 ver-

137 1436 249 1501 borum
283 1441 463 1504 coniunctio
496 1449 615 1505 exstat:
661 1442 797 1526 „periuri
830 1447 951 1526 caput“‚
979 1426 1016 1504 in
1048 1440 1135 1505 Rud.
1163 1436 1312 1507 versibus

137 1545 346 1630 respondent:
381 1547 553 1625 „scelerum
585 1554 698 1633 caput“
731 1557 763 1612 et
792 1549 926 1633 „periuri
954 1554 1067 1633 caput‘
1099 1550 1183 1612 inter
1211 1571 1247 1613 se
1276 1551 1312 1613 in

137 1651 203 1716 fine
228 1675 385 1718 versuum.
430 1655 516 1741 Ergo
540 1655 729 1734 „scelerum“
753 1677 824 1719 esse
847 1657 1023 1740 genitivum
1048 1664 1134 1741 puto.
1172 1655 1314 1741 Propter

137 1761 264 1823 unicum
289 1762 480 1848 exemplum,
510 1785 573 1847 qno
596 1763 751 1841 „scelera“
774 1761 926 1827 adiectivi
948 1764 1036 1827 vices
1059 1785 1168 1847 gerere
1192 1762 1313 1827 dicitur

141 1866 283 1952 <Lorenz
314 1870 348 1932 in
381 1868 520 1934 editione
553 1868 678 1934 scribit:
725 1878 849 1949 ,terunt
881 1871 999 1956 sinapis
1031 1868 1168 1934 scelera“
1200 1879 1238 1934 ut
1269 1873 1313 1935 sit

137 1973 291 2051 „scelera“
319 1998 383 2039 acc.
409 1976 511 2062 plur.)
545 1999 602 2061 pro
635 1975 831 2055 „scelestae“,
864 1974 949 2060 quod
965 1978 1013 2039 'in
1043 1975 1188 2041 omnibus
1217 1976 1312 2042 libris

137 2081 260 2166 legitur,
283 2083 455 2162 „scelerae“
479 2105 597 2168 ponere
620 2105 683 2146 non
699 2085 808 2146 ausim.
846 2083 1037 2168 Quanquam
1052 2082 1198 2148 libertate
1214 2086 1313 2170 primi

136 2211 248 2252 versus
280 2188 372 2274 pedis
401 2189 467 2255 hoc'
493 2189 624 2254 verbum
654 2200 833 2276 correptum
864 2190 1001 2255 fortasse
1032 2189 1204 2255 defendere
1232 2191 1313 2256 licet

135 2304 255 2375 tamen,
288 2319 359 2360 cum
384 2297 417 2360 in
442 2320 548 2377 versu,
581 2299 634 2382 qui
664 2296 838 2376 antecedit,
869 2297 954 2362 idem
979 2297 1110 2363 verbum
1138 2299 1171 2361 in
1196 2297 1312 2363 eodem

136 2402 218 2488 pede
241 2425 305 2467 non
329 2413 507 2490 correptum
531 2404 662 2490 legatur,
686 2404 764 2469 mihi
786 2427 836 2469 res
861 2403 960 2469 valde
977 2403 1074 2488 dubia
1096 2403 1232 2470 videtur.

243 2545 283 2608 In
309 2548 380 2612 Mil.
407 2569 435 2612 6.
462 2550 565 2612 1061:
601 2546 746 2626 „dabitur
774 2532 927 2632 quantum
954 2549 1043 2633 ipsus
1074 2549 1158 2633 preti
1186 2558 1312 2633 poscet.

136 2652 303 2716 Talentum
343 2653 527 2739 Philippum
570 2653 644 2718 huic
687 2677 766 2740 opus
810 2655 928 2718 aurist“
969 2654 1124 2719 talentdm
1165 2655 1311 2740 legimus

137 2757 275 2845 Spengel
307 2784 337 2846 p.
367 2764 407 2825 89
442 2762 624 2846 saepissime
655 2759 784 2826 brevem
817 2760 959 2827 vocalem
992 2769 1064 2825 ante
1095 2761 1142 2841 „l“
1174 2763 1311 2826 eiectam

137 2889 206 2930 esse
235 2866 412 2946 contendit,
445 2892 474 2953 p.
499 2871 540 2932 92
571 2867 758 2946 ,‚talentum“
790 2869 874 2932 inter
903 2868 981 2933 haec
1012 2868 1108 2933 verba
1136 2878 1311 2934 enumerat

52 2974 58 2985 ‘
137 2972 202 3037 Sed
218 2973 277 3038 hac
292 2975 552 3060 interpretatione
569 2997 727 3061 opustncn
747 2984 811 3040 est:
834 2976 987 3040 talentum
1012 2977 1094 3040 enim
1111 2983 1159 3040 651
1175 2975 1310 3041 uerbum

137 3104 153 3145 e
173 3080 298 3145 Graeca
320 3081 427 3168 lingua
450 3091 627 3168 sumptum3
651 3105 722 3147 cum
748 3082 864 3147 Graeci
885 3086 1036 3148 τάλαντον
1060 3085 1310 3169 pronuntiarent,

137 3190 231 3253 etiam
256 3189 391 3253 Romani
420 3191 522 3276 primo
552 3189 741 3269 „talentum‘
765 3189 1024 3276 pronuntiabant,
1054 3213 1116 3275 qua
1145 3212 1178 3254 16
1208 3190 1310 3256 611616

136 3295 258 3381 syllaba
281 3295 511 3382 corripiebatur
534 3296 575 3360 61.
600 3296 696 3360 Klotz
721 3320 749 3382 p.
775 3300 825 3383 93,
851 3295 990 3361 Corssen
1014 3320 1043 3382 p.
1069 3301 1142 3376 661,
1166 3295 1309 3362 Skutsch

136 3426 166 3487 p.
192 3406 241 3467 17.
292 3404 404 3488 Neque
437 3412 555 3494 tamen
577 3403 607 3467 h.
636 3427 665 3468 v.
699 3426 762 3467 non
797 3403 977 3489 probarem,
1011 3427 1082 3478 cum
1119 3388 1309 3483 „talentum“

136 3496 449 3574 undetricies'altera
472 3533 533 3574 non
558 3519 702 3596 correpta
726 3509 810 3597 apud
825 3510 974 3575 Plautum
994 3511 1125 3597 legatur,
1148 3513 1210 3575 nisi
1233 3535 1309 3576 ana·

136 3619 294 3702 paesticus
319 3627 412 3696 esset,
435 3640 528 3702 quem
552 3617 730 3682 liberiorem
754 3640 823 3682 esse
848 3627 980 3682 constat.

242 3751 403 3837 Voluptas
428 3753 553 3837 saepius
576 3754 608 3815 in
634 3774 744 3816 versus
767 3753 828 3816 fine
852 3753 981 3837 legitur,
1011 3774 1135 3837 semper
1159 3760 1309 3817 651666-

135 3860 276 3922 iunctum
301 3881 373 3922 cum
397 3865 515 3937 „mea“:

247 3984 315 4048 Coa
342 3987 464 4066 6136,
489 3988 560 4048 453
581 3984 748 4069 <voluptas
774 3986 860 4068 mea)
882 3989 949 4048 454
973 3983 1132 4048 Schoellio
1156 3983 1309 4050 scribenti

135 4092 300 4176 „voluptas
316 4097 402 4154 mea“
427 4093 590 4170 assentior,
614 4114 686 4156 cum
703 4090 855 4155 Chalinus
872 4090 1035 4178 Lysidami
1060 4091 1157 4156 verba
1174 4100 1308 4179 repetat
