2904 4710
698 268 743 330 54

613 359 825 366 ———-—

316 551 1130 631 filtltenmtunlongnoompuimnim.

243 708 316 771 llil.
345 732 372 773 r.
399 715 488 775 660:
534 712 737 799 „lepidiorem
765 712 808 776 ad
837 715 939 775 omnis
967 734 1019 775 res
1047 734 1107 775 ner
1134 715 1242 797 magis
1268 713 1313 801 qd

136 816 256 880 amicus
285 817 403 880 amicos
437 820 502 882 sint
533 822 651 905 magi-“³
680 818 861 905 (mco),
894 841 971 895 „nee
1002 821 1103 904 magis
1132 843 1155 907 q
1187 823 1313 884 amicus

135 924 238 988 amieo
261 925 304 986 sit
319 927 437 1010 magi?
449 926 556 1012 (B²);
578 950 655 1005 „nee
677 930 733 1012 qui
747 928 868 991 amiens
890 928 994 990 amico
1016 929 1059 990 sit
1074 929 1195 1012 magis*
1211 925 1314 998 (ΡΖ)

136 1033 289 1095 memoria
312 1031 406 1096 valde
428 1046 577 1120 corrupta
598 1046 656 1098 est
690 1034 829 1098 Mueller
850 1033 916 1101 ‚Pl
931 1033 1000 1097 Par
1022 1057 1054 1119 p
1069 1037 1112 1097 69
1135 1057 1184 1118 sq.
1207 1046 1313 1098 mns-

136 1141 242 1225 penit:
281 1140 400 1217 ,emico
430 1142 585 1219 amicus“;
615 1144 648 1204 in
671 1141 837 1220 „Nachtrf
865 1143 941 1226 pil
973 1140 1109 1204 similem
1138 1140 1313 1205 verborum

136 1246 222 1332 apud
242 1245 429 1310 Terentium
452 1250 707 1312 coniunctionem
729 1247 822 1312 affert
844 1250 877 1310 in
901 1246 1028 1310 Phorm.
1050 1271 1082 1310 v.
1097 1249 1180 1311 562:
1205 1249 1313 1325 „solus

136 1364 185 1418 est
208 1353 303 1417 homo
325 1356 428 1418 amico
450 1357 597 1419 amicust
634 1354 881 1420 Gcetz-Sehoell
905 1356 953 1418 sie
976 1354 1054 1439 legit
1068 1353 1156 1417 lan:
1177 1354 1315 1441 „lepidi-

136 1484 222 1526 orem
245 1460 286 1525 ad
309 1463 410 1524 omnis
434 1484 485 1525 res
508 1485 566 1527 nee
588 1480 614 1511 τ
637 1464 738 1548 magt:
766 1464 822 1546 qui
848 1463 969 1525 amicus
991 1463 1094 1525 amico
1116 1462 1161 1524 sit
1182 1465 1316 1548 magist

136 1571 220 1635 leo:
244 1567 446 1654 „lepidiorem
469 1569 512 1634 ad
533 1576 635 1634 omnis
658 1593 709 1634 res
726 1592 784 1633 nec
798 1571 854 1654 qui
869 1570 990 1632 amicus
1004 1570 1108 1632 amico
1122 1571 1168 1632 sit
1182 1572 1316 1656 magis‘.

137 1677 264 1742 confert
278 1676 378 1740 llere.
391 1700 420 1739 v.
433 1680 512 1741 385:
537 1701 593 1755 „eo
615 1701 683 1763 ego,
706 1688 742 1740 ut
764 1699 845 1761 quae
860 1675 1009 1740 mandata
1023 1677 1145 1747 amicus
1159 1676 1316 1741 tradam“.

137 1786 202 1850 Res
226 1784 319 1848 valde
343 1783 442 1850 dubia
463 1796 513 1848 est
536 1808 638 1870 neque
661 1784 833 1869 quidquam
856 1783 917 1847 hoe
940 1782 1070 1868 quidem
1084 1783 1157 1847 loeo
1179 1783 1317 1848 demon-

137 1902 264 1956 stratur.

245 2017 333 2081 Pers.
362 2040 388 2080 c.
416 2020 498 2097 264,
529 2039 622 2101 quem
646 2018 696 2080 A:
743 2039 842 2094 „nune
873 2017 976 2079 amico
1005 2014 1125 2078 homini
1145 2013 1234 2080 binis
1259 2017 1320 2082 do-

139 2121 262 2194 mit(i)s
294 2145 363 2187 mea
396 2146 436 2187 ex
468 2126 610 2188 crumina
641 2123 773 2208 largiar‘
802 2122 948 2209 praebet,
981 2123 1050 2186 Ieo
1076 2145 1179 2201 „nunc
1208 2127 1319 2190 amieo

140 2232 259 2296 homini
293 2230 393 2295 boves
428 2230 565 2295 domitos
600 2253 670 2294 mea
705 2254 745 2294 ex
779 2232 921 2294 crumina
955 2230 1101 2316 largiar“,
1135 2230 1200 2315 legi
1235 2233 1321 2312 vult,

140 2336 385 2403 timete-Schoell
409 2339 441 2402 in
464 2338 513 2402 ed
529 2341 648 2402 minore
672 2341 710 2416 ei,
733 2348 768 2400 ut
783 2339 915 2415 incerto,
933 2338 1017 2400 ictus
1032 2359 1095 2400 non
1111 2336 1321 2404 addiderrmt.

141 2445 296 2531 Frpridern
332 2468 403 2509 cum
439 2444 599 2510 Schoellio
632 2445 717 2509 facio
752 2443 844 2522 „dum
879 2446 998 2508 amie0“
1035 2443 1201 2522 scribenti,
1241 2469 1320 2511 nam

140 2553 342 2617 cohaerentia
358 2553 435 2618 hece
452 2552 593 2618 ridetur:
617 2551 796 2638 Vapulabo‚
819 2551 875 2616 sed
892 2574 954 2615 non
970 2573 1056 2627 curo,
1078 2553 1157 2616 dum
1173 2553 1321 2617 amicum

141 2660 290 2725 ediuvrue
321 2661 439 2746 pressim
467 2663 486 2723 i
510 2682 535 2724 e.
565 2660 654 2736 dum,
686 2657 772 2743 quod
804 2658 878 2722 volo
910 2680 1068 2743 assequar.
1112 2657 1187 2721 Hoc
1217 2659 1321 2725 modo

142 2769 332 2831 eoruruiurn
356 2766 397 2832 ed
422 2791 450 2831 v.
467 2770 530 2831 269
555 2769 753 2852 aptissimum
770 2765 893 2851 legitur.
927 2765 967 2828 In
991 2788 1020 2828 v.
1036 2768 1101 2829 ‘269
1125 2766 1210 2828 enim
1234 2766 1322 2832 dicit

142 2873 317 2959 Sagaristo:
351 2874 531 2960 „vapulernz
565 2897 603 2938 ne
626 2869 811 2946 (domiuus)
840 2872 901 2937 sibi
930 2895 981 2936 me
1005 2871 1114 2936 credat
1136 2872 1321 2958 supplicem

143 2980 227 3045 sore“
251 2984 270 3045 i.
294 3005 318 3046 e.
342 2980 489 3046 dominus
513 2980 700 3046 verberibus
724 2982 868 3066 quamtis
897 2979 1022 3044 aeribus
1053 3001 1213 3064 nunquam
1241 3004 1322 3066 pro-

143 3091 280 3175 positum
303 3112 394 3153 suum
418 3097 611 3174 assequetur.

253 3225 344 3289 titre.
371 3248 400 3289 u.
429 3228 495 3288 318
517 3223 683 3288 codicibus
708 3225 753 3286 sic
778 3221 929 3285 traditur:
964 3225 1017 3299 „ds
1040 3243 1180 3284 amarum
1202 3218 1321 3302 heheu,

142 3332 253 3396 <leuues
277 3333 394 3418 plenos,
422 3331 561 3417 lippiunt
583 3331 692 3395 lauces
715 3330 824 3393 lauret
870 3328 962 3405 Quae
986 3327 1083 3392 verba
1107 3335 1216 3391 carent
1238 3350 1321 3394 sana

143 3441 316 3519 senteutie3
347 3438 524 3503 Buecheler
545 3439 577 3501 in
602 3461 680 3500 mue.
705 3437 846 3500 Rhenan.
870 3459 899 3500 v.
924 3434 1064 3498 XXXV
1087 3458 1116 3521 p.
1142 3439 1182 3499 72
1208 3439 1321 3520 sagaci

143 3549 322 3610 eouieeture
346 3555 485 3610 uurtane:
510 3567 562 3624 „os
579 3552 735 3608 amarum“
758 3545 791 3606 in
807 3549 1019 3628 „gramarum“
1037 3541 1152 3606 bonam
1175 3543 1321 3607 restituit

144 3655 341 3717 ererrtentiurn.

255 3789 323 3852 tlte.
347 3810 376 3853 n.
405 3791 469 3852 217
500 3794 664 3872 correptus
694 3784 829 3848 traditus
859 3793 908 3847 est
930 3786 987 3861 ita,
1019 3793 1053 3847 ut
1076 3787 1254 3862 „timerem‘
1278 3805 1320 3848 eo

144 3893 315 3961 defendere
340 3919 400 3958 non
426 3896 593 3981 possimus,
632 3894 783 3978 Legimus
807 3894 890 3956 enirn
913 3890 943 3954 h.
967 3914 1010 3955 v.:
1034 3889 1196 3969 „erunibus
1219 3889 1318 3956 rebus

145 4026 204 4087 ego
236 4025 371 4067 eruorem
405 4000 500 4065 eredo
533 4010 565 4064 et
595 3999 750 4063 nitoribus
773 3998 879 4062 indie
907 3998 1038 4080 (BVE)
1067 3997 1177 4060 nitidis
1201 3995 1232 4079 (J
1243 3996 1319 4080 ΡΖ)

144 4111 354 4177 ulrtcveuire“.
