2904 4710
633 282 673 343 93

176 475 290 539 Pseud.
317 498 347 540 1.
373 479 435 540 146
458 474 612 539 iambicus
637 483 701 539 est:
729 484 783 554 „ut
805 481 843 538 ne
865 479 1088 561 peristromata
1110 474 1237 560 quidem

66 585 166 666 aeque
191 585 278 667 picta
300 586 365 646 sint
389 580 607 668 Campanica‘t

174 687 212 750 ln
231 689 332 754 Stich.
358 712 386 753 c.
405 693 427 754 3
434 693 496 754 78:
520 698 605 768 „tum
622 688 818 774 Babylonica
841 697 873 752 et
890 690 1086 775 peristroma,
1108 688 1237 753 tonsilia

66 803 99 859 et
121 797 258 880 tapetia“
281 804 367 860 reete
392 795 494 860 Goetz
524 803 590 874 „et“
613 797 867 861 coniunctionem
896 795 946 860 bis
975 796 1066 860 falsis
1095 796 1173 861 locis
1203 798 1236 860 in

65 902 231 966 codicibus
264 905 427 989 so1iptam,
465 903 565 967 altero
598 903 733 983 delevit,
770 904 868 967 altero
902 905 1113 989 transposuit:
1151 907 1236 983 „tum

65 992 263 1096 Babylonicd
286 1014 492 1096 peristroma‘
515 1019 574 1074 cet.

172 1116 330 1182 Vocabuli
347 1119 553 1204 ‚,trapezitae“
567 1120 698 1203 primam
716 1117 867 1203 syllabam
884 1140 954 1182 esse
969 1119 1094 1203 longam
1111 1127 1144 1182 et
1157 1127 1235 1198 „tar-

64 1225 188 1309 pezita“
211 1225 278 1288 sive
301 1225 503 1310 „tarpessita“
527 1248 597 1289 esse
620 1224 788 1310 legendum
811 1226 843 1288 in
872 1225 1107 1310 Capturas,
1132 1226 1232 1311 Epid.

63 1334 141 1412 143,
179 1332 270 1396 Orare.
298 1335 380 1414 345,
407 1335 481 1414 341,
510 1336 593 1414 406,
625 1336 698 1415 712,
734 1333 823 1397 Prin.
849 1337 929 1397 465.
972 1332 1111 1412 Ritsehl,
1141 1355 1234 1418 quem

63 1440 207 1524 sequitur
229 1438 419 1503 Fleckeisen
441 1441 473 1502 in
498 1461 605 1525 opusc.
629 1437 666 1501 II
689 1463 719 1525 p.
736 1443 910 1503 524-536
935 1438 1173 1504 demonstravit.

174 1546 288 1610 Pseud.
312 1568 341 1611 a.
367 1550 468 1629 1257,
493 1569 587 1631 quem
610 1545 681 1610 libri
706 1546 873 1631 praebent:
897 1547 966 1625 „hic
990 1569 1098 1612 omnes
1123 1547 1234 1633 volup·
1268 1543 1269 1547 ’

61 1697 159 1768 tates,
193 1691 225 1752 in
255 1688 316 1752 hoc
349 1711 457 1753 omnes
488 1646 629 1771 (hdlnnes
654 1689 692 1770 B)
724 1697 905 1753 venustates
936 1697 1026 1754 sunt“
1055 1692 1115 1754 viri
1138 1689 1262 1769 docti,'

62 1795 222 1882 quomodo
246 1798 416 1860 metiantur
438 1796 638 1860 dissentiunt.
677 1795 784 1881 Bergk
808 1796 935 1881 quidem
960 1805 1020 1860 oct.
1043 1797 1142 1861 troch.
1166 1821 1235 1863 esse

62 1903 135 1968 vult
158 1903 350 1988 obloquente
366 1903 485 1967 Brixia
519 1903 654 1984 Ritsohl‚
678 1903 884 1968 Fleckeisen:
907 1903 977 1982 „hic
998 1926 1106 1968 omnes
1122 1905 1235 1993 volup-

61 2020 155 2090 tates
179 2033 287 2074 omnes
311 2020 493 2076 venustates
517 2018 617 2088 sunt“,
656 2011 795 2075 Lorenz:
819 2011 888 2091 ,1111
912 2015 1021 2075 omnes
1045 2011 1235 2098 vbluptates,

62 2118 116 2182 hic
141 2140 249 2181 omnes
271 2121 481 2198 venustates‘,
517 2113 593 2196 Len,
617 2117 880 2182 Gaetu-Schoell:
904 2117 973 2197 „hic
998 2121 1106 2183 dmnes
1123 2121 1235 2207 volup-

61 2231 158 2303 tates,
193 2227 225 2287 in
258 2224 319 2289 hoc
352 2231 458 2289 omnes
492 2231 673 2290 venustates
707 2231 797 2288 sunt“
828 2223 997 2310 legendum
1030 2227 1234 2292 contendunt.

61 2332 165 2396 Recte
190 2330 329 2416 Seyffert
359 2330 418 2411 „de
441 2330 568 2395 bacch.“
597 2355 627 2416 p.
654 2335 691 2395 17
724 2331 819 2396 dicit:
865 2330 980 2411 „libros
1011 2335 1038 2396 si
1066 2335 1236 2418 sequimur,

62 2438 151 2524 quod
167 2461 224 2502 cur
238 2461 301 2502 non
317 2438 480 2516 faciamus,
503 2437 588 2500 nulla
613 2446 662 2500 est
677 2460 780 2512 causa,
804 2438 904 2502 troch.
921 2447 1024 2503 octon.
1048 2447 1114 2505 est“
1138 2442 1235 2506 verba

62 2546 148 2610 enim
171 2544 258 2624 „hio“
282 2554 315 2609 et
337 2543 432 2623 „hoo“
456 2567 527 2608 cum
552 2567 705 2608 summam
735 2543 872 2609 habeant
899 2547 962 2609 vim
987 2547 1131 2632 inprimis
1162 2559 1236 2613 sunt

62 2651 304 2738 pronuntianda.
350 2651 463 2736 Itaque
486 2649 654 2736 legendum
679 2659 744 2715 est:

171 2749 239 2827 ,1111
263 2755 370 2813 omnes
395 2749 582 2835 voluptates,
604 2750 637 2811 in
661 2748 722 2812 hdo
746 2755 852 2813 omnes
877 2753 1057 2817 venustates
1083 2760 1181 2817 sunt“.

107 2890 110 2895 ·
171 2857 344 2921 avonculus
360 2857 476 2942 legitur
498 2858 530 2919 in
547 2858 672 2921 14111.
696 2860 775 2938 685,
795 2861 869 2939 779,
888 2860 965 2939 782,
986 2861 1061 2923 798.
1099 2859 1235 2925 Mueller

62 2964 194 3030 verbum
228 2964 457 3029 mutationibus
490 2986 599 3028 sanare
630 2962 752 3042 studet,
786 2963 884 3028 Klotz
916 2989 946 3050 p.
976 2968 1013 3030 91
1048 2968 1235 3044 „avonclus“

61 3071 215 3136 substitui
239 3072 308 3137 vult
331 3071 437 3136 verbis
460 3072 672 3156 transpositis,
702 3073 815 3134 nititur
840 3071 936 3135 verbo
960 3073 1126 3158 „pe1iculi“
1150 3074 1236 3159 quod

62 3181 189 3264 saepius
223 3179 268 3243 ibi
303 3179 438 3264 legatur,
481 3178 534 3242 ubi
569 3178 756 3263 „periclum“
791 3181 987 3263 pronuntiari
1021 3202 1151 3244 necesse
1186 3183 1235 3246 sit.

61 3287 189 3350 Ritschl
220 3288 254 3349 in
286 3287 403 3371 proleg.
435 3310 465 3371 p.
492 3288 552 3349 151
585 3285 720 3349 litteram
752 3308 773 3348 v
797 3285 956 3349 excidisse
987 3288 1152 3352 contendit
1182 3291 1235 3370 ita,

61 3403 100 3458 ut
130 3394 318 3473 „aunoulus“
349 3392 618 3478 pronuntiandum
652 3393 701 3455 sit.
748 3391 885 3456 Corssen
917 3392 974 3455 112
1004 3418 1034 3480 p.
1060 3399 1122 3459 766
1156 3396 1234 3461 haec

62 3500 157 3564 dicit:
205 3500 326 3578 „Wenn
361 3495 427 3563 also
456 3498 673 3563 Wortiormen
707 3498 873 3563 soheinbar
905 3502 963 3564 mit
993 3500 1144 3586 Synioese
1177 3503 1235 3567 der

61 3607 203 3687 Vokale,
238 3608 289 3672 die
323 3606 423 3671 durch
456 3608 508 3670 ein
532 3605 900 3671 dazwischenstehendes
934 3632 953 3671 v
983 3618 1132 3693 getrennt
1154 3610 1234 3689 sind,

61 3746 227 3810 gemessen
252 3723 466 3802 vorkommen,
489 3725 549 3789 wic
572 3697 794 3803 „iuventutem
818 3697 1018 3802 1111111111,
1046 3725 1128 3789 darm
1152 3727 1235 3790 lehrt

47 3830 145 3896 'doch
176 3831 227 3895 die
251 3831 488 3917 Vergleichung
520 3831 624 3895 dieser
647 3832 802 3917 Messung
831 3834 889 3894 mit
918 3830 1065 3910 ,11)11111,
1100 3835 1233 3913 iueuta“,

62 3939 136 4004 dass
160 3938 229 4002 hier
252 3939 377 4003 obliisci
400 3963 429 4002 11.
453 3962 479 4002 a.
502 3938 700 4024 gesprachen
723 3941 779 4017 ist,
811 3938 868 4002 das
894 3963 913 4002 v
937 3938 994 4001 der
1018 3939 1233 4004 Wortiormen

62 4045 140 4111 aber
161 4048 193 4109 in
218 4046 274 4110 der
297 4045 419 4109 Sehrilt
446 4045 659 4130 festgehalten
686 4048 742 4124 ist,
771 4046 843 4111 weil
872 4048 1068 4111 iuventutem
1093 4056 1151 4110 etc.
1182 4047 1233 4111 die

61 4137 201 4218 Formeu
225 4153 281 4217 der
303 4152 557 4250 Schriftspraoho
589 4175 693 4218 waren
724 4152 789 4217 und
813 4153 909 4217 sind‘.
955 4153 1135 4218 Discrimen
1159 4177 1233 4241 ergo
