2904 4710
708 274 750 337 47

141 477 288 533 annotat:
321 467 400 548 „sub
422 469 514 532 initio
542 490 600 555 pro
622 475 727 548 „cem“
755 491 818 532 non
842 466 970 533 videtur
992 467 1032 532 de
1054 475 1158 547 ‚,oam“
1182 469 1314 553 cogitari

141 583 263 662 posse“.
309 575 487 640 Vocativus
510 577 646 654 „amica“
669 575 710 640 ad
734 577 923 640 sententiam
947 598 1011 639 non
1035 574 1177 660 quadrat,
1201 598 1273 639 nam
1297 598 1314 639 e

140 707 172 748 v.
198 686 278 747 696:
302 682 394 761 „dum
419 684 517 747 comit
539 682 677 767 dumque
701 706 736 747 se
759 689 907 746 exornat“
931 706 961 747 v.
984 686 1046 747 735
1069 681 1184 762 „modo
1206 690 1315 746 nostra

140 789 205 854 huc
228 794 327 854 amica
351 789 517 854 accedat“:
555 788 589 853 id
612 789 712 868 abest,
735 788 821 853 aliud
845 789 923 853 nihil
946 788 1054 855 abest“
1084 813 1113 853 v.
1139 792 1218 854 736:
1242 790 1315 868 „vin

140 899 274 961 amicam
307 904 496 961 evocemus“
531 920 560 960 v.
592 901 677 962 737:
711 919 805 976 „mea
836 898 957 975 suavis,
989 896 1145 976 amabilia,
1182 918 1315 961 amoena

97 1072 104 1084 ‚
141 1003 349 1090 Stephanium
372 1003 414 1068 ad
436 1026 558 1068 amores
581 1012 654 1068 tuos
678 1004 800 1082 „foras“
824 1003 991 1089 egredere“
1013 1027 1043 1068 v.
1057 1008 1074 1068 7
1079 1007 1136 1068 39:
1160 1003 1230 1082 „lac
1255 1026 1313 1067 nos

140 1111 258 1176 hilaros
288 1111 451 1175 hilariores
479 1134 574 1196 opera
601 1121 696 1196 atque
728 1111 904 1188 „adventu“
926 1117 1001 1175 tuo“
1023 1120 1156 1196 apparet
1179 1109 1314 1197 Stepha-

140 1220 228 1282 nium
258 1241 321 1282 non
352 1217 439 1304 apud-
468 1217 612 1282 Stichum
644 1227 677 1282 et
699 1217 885 1304 Sagarinum
915 1220 979 1282 iam
1001 1217 1132 1298 adesse,
1160 1217 1218 1282 sed
1240 1217 1312 1282 illos

139 1327 225 1390 inter
255 1348 289 1389 se
320 1324 466 1410 colloqui.
519 1325 593 1403 Qua
622 1325 663 1390 de
694 1347 789 1390 causa
817 1325 943 1390 Ritschl
974 1324 1079 1389 verbis
1111 1326 1323 1410 transpositis

138 1441 230 1513 „uter
251 1436 385 1497 amicam
409 1432 531 1496 utrobi“
556 1432 679 1518 Guyct:
702 1441 791 1511 „uter
813 1434 933 1497 amicae
957 1431 1080 1496 utrobi“
1104 1434 1312 1518 scripserunt;

140 1539 200 1604 sed
222 1562 399 1625 quanquam
423 1541 580 1604 sententia
597 1562 672 1603 sana
696 1539 813 1618 evadit,
835 1562 946 1604 vereor
960 1542 1150 1604 mutationes
1170 1539 1313 1625 probare,

139 1648 215 1732 quia
238 1649 376 1733 optimus
400 1646 501 1711 codex
525 1670 588 1711 non
612 1646 743 1732 praebet
769 1648 905 1726 „amica“
934 1646 990 1711 sed
1014 1648 1119 1732 potins
1143 1646 1197 1711 ad:
1230 1670 1313 1725 „me-

138 1756 304 1820 retricem“
328 1763 460 1840 spectat.
507 1753 609 1818 Goetz
629 1761 746 1831 ‚,nunc“
773 1756 806 1818 in
829 1764 943 1840 poetae
966 1754 1064 1819 verba
1086 1756 1209 1840 recipit,
1232 1777 1313 1839 quae

138 1863 274 1926 mutatio
301 1861 471 1926 violentior
501 1871 565 1940 est,
598 1884 691 1946 quam
725 1870 759 1925 ut
789 1861 927 1948 probem.
984 1862 1081 1926 Klotz
1111 1859 1313 1947 „amica<m)“

138 1967 263 2056 probat,
287 1968 373 2054 quod
395 1967 436 2032 ad
458 1968 561 2054 legem
584 1968 624 2033 ab
646 1971 717 2054 ipso
742 1970 934 2054 propositam
959 1968 1100 2054 quadrat.
1146 1968 1314 2054 Equidem,

139 2098 319 2161 quanquam
352 2074 484 2140 verbum
517 2077 549 2139 in
582 2077 684 2161 primo
718 2076 800 2162 pede
831 2077 965 2162 legitur,
998 2086 1103 2141 tamen
1143 2099 1216 2141 cum
1250 2100 1314 2140 vox

138 2183 269 2263 ,amici‘
293 2183 363 2268 plus
380 2206 473 2267 quam
490 2182 655 2247 ducenties
680 2185 861 2269 septuagies
877 2184 976 2249 altera
990 2184 1084 2270 longa
1099 2192 1249 2269 usurpata
1265 2186 1315 2262 sit,

140 2312 301 2375 nunquam
325 2272 479 2367 adducor,
502 2299 538 2353 ut
559 2291 620 2354 tria
643 2290 695 2355 vel
720 2299 868 2374 quattuor
892 2291 1049 2376 exempla,
1079 2289 1192 2375 quibus
1216 2291 1315 2355 altera

141 2405 288 2482 correpta
311 2396 433 2481 legitur,
456 2396 597 2482 probem,
620 2405 729 2460 contra
748 2397 826 2460 hacc
850 2419 919 2461 esse
943 2406 1091 2483 corrupta
1115 2406 1147 2461 et
1169 2406 1225 2462 aut
1246 2421 1315 2461 mu-

142 2505 261 2568 tatione
284 2512 340 2567 aut
363 2505 545 2568 coniectura
574 2502 713 2567 sananda
742 2526 864 2567 censeo.
914 2503 953 2566 In
976 2503 1037 2568 hcc
1060 2526 1156 2568 versu
1179 2503 1314 2568 fortasse

142 2611 261 2675 amicae
285 2633 399 2674 nomen
423 2608 630 2696 Stephanium
643 2614 663 2688 1)
693 2612 846 2695 scriptum
875 2610 951 2689 fuit,
978 2609 1020 2674 ad
1048 2610 1133 2696 quod
1157 2610 1260 2675 scriba
1281 2613 1313 2675 in

139 2719 294 2802 margine:
311 2719 495 2795 „meretrix“
508 2718 559 2781 vel
574 2718 807 2795 „meretricem“
820 2718 872 2781 vel
887 2718 1024 2797 „amica“
1040 2717 1213 2797 adnotavit,
1229 2718 1315 2804 quod

139 2824 274 2890 verbum
296 2826 329 2888 in
353 2833 465 2910 poetae
488 2824 585 2890 verba
607 2826 745 2910 irrepsit.

249 2931 386 2996 Mueller
408 2932 427 2995 l.
451 2956 477 2997 c.
500 2956 530 3018 p.
555 2936 617 2997 26?
650 2931 690 2996 de
721 2931 819 2997 verbo
847 2935 997 3012 „amoris“
1021 2932 1101 2997 dicit
1123 2933 1216 2998 haec:
1244 2934 1314 3013 „die

140 3062 235 3104 casus
260 3038 380 3124 obliqui
403 3039 475 3103 sind
499 3042 558 3104 mit
580 3039 764 3103 verkiirater
786 3042 913 3106 zwciter
929 3039 1016 3105 Silbe
1039 3039 1217 3126 verbiirgt“.
1249 3039 1315 3104 Sed

141 3147 296 3233 exempla,
326 3170 408 3231 quae
436 3146 541 3225 affert,
571 3149 633 3210 iam
665 3145 720 3210 diu
749 3147 920 3210 lenissimis
951 3146 1178 3211 mutationibus
1207 3156 1315 3212 sanata

142 3264 231 3319 sunt:
256 3255 353 3320 Pocc.
372 3277 401 3319 c.
419 3258 503 3318 142.»
528 3262 578 3331 „et
600 3276 683 3318 nunc
700 3276 758 3339 ego
774 3255 822 3334 <et
838 3277 897 3338 ego
913 3277 996 3318 nunc
1012 3254 1056 3337 Z)
1079 3277 1185 3318 amore
1202 3277 1313 3339 pereo:

142 3363 213 3426 sine
242 3371 275 3426 te
309 3360 490 3425 verberem“
522 3360 698 3425 Ritschelio
731 3360 825 3437 duce,
857 3363 909 3425 cui
937 3360 1073 3425 Mueller
1101 3360 1315 3447 ‚,Nachtriige“

142 3493 173 3555 p.
191 3472 231 3533 39
256 3470 442 3533 assentitur:
466 3477 517 3547 „et
539 3473 597 3553 ego
620 3491 704 3532 nunc
727 3473 821 3553 pereo
844 3472 966 3531 amore“
989 3468 1132 3553 legimus,
1155 3467 1240 3552 quod
1264 3468 1316 3533 vel

143 3585 274 3663 propter
296 3577 484 3640 sententiam
507 3598 635 3660 prorsus
659 3585 709 3638 est
732 3577 950 3639 necessarium.

253 3702 348 3768 Pocu.
372 3724 401 3766 c.
420 3705 502 3766 419:
526 3705 660 3786 „perque
684 3723 771 3764 mcos
796 3705 927 3778 amores,
949 3705 1067 3786 perque
1084 3699 1315 3786 Adelphasitm

143 3815 272 3873 meam“.
320 3807 574 3892 Bothius„q11e“
607 3806 705 3872 deleri
737 3807 806 3871 vult
813 3832 821 3887 3
851 3807 936 3892 quod
966 3807 1043 3870 mihi
1070 3831 1133 3871 non
1149 3807 1316 3893 probatur,

144 3917 219 4000 quia
241 3925 308 3980 tum
333 3916 519 4000 aequalitas,
548 3938 639 4000 quam
664 3917 731 3978 sine
756 3914 853 3979 dubio
876 3915 1009 3978 Plautus
1034 3915 1135 3979 voluit
1158 3915 1315 3980 scribens:

253 4133 273 4202 1)
292 4132 327 4186 cf.
338 4149 363 4186 v.
374 4133 441 4186 651:
459 4130 524 4197 „sed
543 4130 634 4184 amica
651 4111 758 4185 maaet
777 4146 915 4196 conserva,
934 4128 1003 4199 quid
1022 4135 1086 4200 agat
1105 4128 1314 4200 Stephanium&
