2904 4710
709 294 750 358 55

249 513 386 578 aruspex
407 491 440 553 in
458 491 554 555 Pecu.
575 513 605 555 u.
624 493 736 555 1206:
761 489 925 575 „quodque
941 494 1076 575 aruspex
1099 487 1139 554 de
1162 488 1315 554 ambabus

138 598 242 662 dixit“
265 597 485 663 emendatione
507 619 527 661 a
549 597 668 671 Bothio
691 597 827 683 prolata,
857 599 911 682 qui
934 605 1039 681 ‚,que“‚
1069 595 1155 681 quod
1181 595 1223 660 ad
1245 619 1316 661 sen-

139 708 273 769 tentiam
297 727 360 768 non
383 703 519 790 quadrat
540 702 670 782 delevit,
695 713 839 787 sanatum
857 713 918 768 est
1025 744 1027 752 ·

249 813 366 877 Pseud.
391 834 421 878 u.
452 815 519 877 995
529 836 540 874 .·
587 816 677 889 „nam
708 816 868 876 necessest
898 810 994 875 hodie
1017 809 1147 896 Sicyoni
1171 833 1221 874 me
1245 833 1315 875 esse

140 928 198 984 aut
221 941 290 984 oras
315 927 448 983 mortem
471 920 620 1041 θιιεθμᾳυία
643 917 769 982 Ritschl
788 919 913 982 sanavit
932 917 1089 982 scribens:
1113 899 1315 997 „rambodie

141 1043 275 1130 Sicyoni
299 1049 461 1108 necessest
483 1066 533 1108 me
555 1023 653 1108 esse‘t

181 1179 182 1185 ¹
252 1151 353 1216 Stich.
379 1173 408 1215 c.
434 1154 510 1232 165,
535 1173 629 1236 quem
653 1149 704 1213 vel
727 1151 759 1213 in
783 1151 904 1236 optimo
927 1148 1008 1213 libro
1031 1149 1181 1234 legimus:
1217 1154 1316 1228 „uteri

141 1258 267 1322 dolores
291 1257 368 1321 mihi
392 1257 577 1323 oboriuntur
600 1256 736 1322 cotidic“
759 1256 886 1320 Ritschl
909 1255 1066 1321 Weisium
1087 1264 1231 1321 secutus:
1255 1259 1316 1335 „mi

140 1367 311 1443 oriuntur&
336 1363 452 1428 Goeta:
476 1366 538 1444 „mi
554 1364 739 1429 oboriuntur
758 1371 836 1448 quot
850 1363 945 1441 dies“,
969 1363 1045 1440 Leo,
1069 1361 1316 1428 Goctz-Schoell

140 1494 269 1538 versum
291 1473 449 1536 incertum
472 1494 541 1536 esse
565 1471 726 1536 adnotant.
765 1470 832 1534 Leo
856 1479 892 1534 ut
915 1469 1133 1549 „0boriuntur“
1157 1469 1316 1549 defendat,

139 1581 221 1644 citat
237 1577 329 1644 Curc.
349 1602 378 1642 v.
396 1581 476 1645 309:
501 1578 668 1658 „tenebrae
684 1577 896 1656 oboriuntur‘,
919 1577 1122 1640 nihilominus
1139 1577 1315 1643 Ritschelio

140 1687 312 1765 assentior,'
328 1709 400 1750 cum
416 1686 568 1751 facillimo
590 1708 695 1750 errore
712 1683 1021 1750 ORORIVNTVR
1044 1686 1145 1770 primo
1163 1686 1316 1770 scriptum

139 1803 255 1880 postea
283 1795 317 1856 in
337 1778 406 1873 '„0b
430 1793 753 1859 OBORIVNTVR“
783 1800 938 1856 mutatum
970 1814 1039 1855 esse
1071 1792 1242 1857 verisimile
1266 1794 1315 1856 sit.

204 1905 207 1910 “
248 1902 336 1966 aad.
355 1923 384 1965 c.
399 1904 501 1966 1143:
526 1900 604 1980 „hoc
621 1900 724 1964 habet.
741 1899 879 1964 solutum
896 1907 953 1964 est.
972 1900 1073 1986 aperi:
1098 1897 1192 1963 video
1208 1899 1316 1963 cistel-

140 2004 223 2072 lam“
247 2019 318 2072 cum
343 1995 472 2094 Guyeto
495 2008 548 2073 vel
572 2016 703 2096 propter
726 2008 929 2071 sententiam:
960 1985 1196 2086 „solutuffesa
1219 2008 1317 2092 perii“

139 2114 294 2201 legendus
318 2122 375 2179 est.

248 2223 345 2288 Most.
363 2245 392 2287 u.
408 2226 508 2287 1174:
533 2231 660 2308 „petere
685 2243 743 2307 ego
759 2221 849 2284 illum
866 2220 1051 2285 verberibus
1075 2228 1111 2284 ut
1134 2223 1175 2284 sit
1191 2223 1315 2305 quietus

141 2327 315 2415 subeger0“
338 2330 504 2393 Acidalius
533 2330 658 2393 sanavit
681 2327 836 2392 scribens:
867 2337 993 2413 „petere
1018 2334 1076 2412 ogo
1104 2327 1193 2391 illum
1216 2336 1252 2390 ut
1275 2329 1317 2391 sit

144 2437 266 2519 quietus
291 2436 476 2501 verberibus
500 2435 682 2521 subeger0“.

247 2738 406 2816 Quoniam
423 2738 561 2804 vidimus
585 2737 677 2824 longe
693 2737 846 2823 plurimos
865 2759 984 2816 versuo,
1007 2739 1039 2800 in
1059 2736 1174 2822 quibus
1190 2759 1316 2824 correp-

139 2853 207 2908 tum
231 2845 347 2931 legitur
366 2846 565 2922 vocabulum,
588 2846 659 2931 plus
683 2847 786 2909 minus
811 2867 880 2909 esse
905 2853 1071 2930 suspectos
1096 2845 1147 2910 vel
1171 2853 1316 2930 correpta

140 2951 296 3017 vocabula
319 2976 414 3039 saepe
437 2955 567 3016 minima
585 2954 759 3016 mutatione
784 2975 853 3016 esse
879 2961 989 3016 sanata
1013 2955 1188 3035 (nonenim
1213 2951 1316 3016 credi-

138 3058 203 3124 bile
227 3069 276 3124 est
293 3069 419 3146 poetam
444 3059 484 3124 de
513 3058 669 3124 industria
698 3068 731 3123 et
759 3068 879 3123 temere
907 3059 1067 3123 nonnullis
1091 3048 1171 3123 locis
1199 3081 1315 3124 avera
1407 3056 1410 3062 ¹

139 3166 289 3252 prosodia
304 3169 483 3248 recessisse)
499 3169 613 3231 iterum
630 3189 737 3230 eorum
753 3166 991 3245 vocabulorum,
1008 3189 1140 3251 quorum
1157 3168 1315 3252 correptio

140 3282 228 3338 certa
252 3274 390 3353 videtur,
413 3298 567 3339 summam
590 3273 760 3353 faciamue,
783 3283 820 3337 ut
842 3276 1045 3359 perspicuum
1068 3273 1141 3352 fiat,
1164 3282 1315 3358 quantum

140 3381 267 3446 valeant
296 3380 337 3445 ad
367 3382 468 3467 legem
496 3384 529 3444 in
560 3383 665 3445 omnia
684 3380 840 3446 vocabula
863 3383 1075 3466 pertinentem
1099 3380 1315 3446 demonstran-

140 3487 222 3552 dam.
262 3489 325 3553 Pro
345 3492 429 3553 1058
447 3488 620 3567 vocabuh'a
645 3511 778 3573 quorum
794 3488 894 3552 altera
910 3487 1032 3574 syllaba
1047 3489 1205 3574 positione
1221 3487 1316 3573 longa

139 3604 198 3675 est,
232 3605 358 3660 exstant
382 3600 423 3660 53
461 3603 606 3681 correpta
639 3596 702 3677 (vol
726 3618 783 3680 pro
811 3599 860 3675 13,
885 3599 905 3659 4
935 3617 998 3658 non
1022 3597 1177 3681 correptis
1200 3595 1316 3680 legitur

143 3705 160 3766 l
186 3708 376 3789 correptum)
401 3713 433 3768 et
456 3726 587 3789 quorum
613 3702 711 3767 altera
735 3711 844 3766 natura
867 3702 962 3788 longa
986 3712 1043 3781 cst,
1066 3725 1124 3788 pro
1143 3706 1226 3766 1852
1252 3725 1315 3766 non

140 3813 295 3896 correptis
319 3810 466 3897 leguntur
495 3817 512 3874 2
538 3819 691 3896 correpta.
737 3809 1004 3894 Unumquemque
1032 3809 1110 3872 mihi
1139 3808 1315 3873 concedere

139 3925 218 4003 puto
243 3918 450 3983 contendenti
473 3918 551 3982 haec
575 3917 638 3981 duo
662 3916 814 4003 exempla,
838 3918 866 3980 si
889 3917 980 3980 aliter
998 3917 1150 4002 explicari
1173 3926 1315 4003 possunt,

140 4026 248 4108 potius
277 4027 323 4089 sic
351 4026 493 4111 intellegi
523 4024 653 4103 debere,
684 4047 777 4108 quam
806 4033 951 4110 correpta
980 4023 1117 4109 probari.
1170 4024 1314 4088 Verbum

138 4133 301 4215 ‚,quietus“
324 4134 422 4217 igitur
444 4134 581 4218 synicesi
603 4134 765 4217 „qujetus“
787 4130 1056 4217 pronuntiandum
1080 4140 1137 4195 est
