2904 4710
710 259 730 319 8

136 451 255 515 similes
272 451 486 536 correptiones
509 451 651 536 intellegi
666 451 777 531 licere;
801 452 868 514 ictu
891 460 996 515 autem
1019 453 1052 514 in
1068 455 1163 516 tertia
1186 453 1306 539 syllaba

136 559 240 644 posito
263 558 393 622 alteram
416 557 489 622 ideo
513 567 691 644 correptam
716 581 799 636 esse,
829 558 915 642 quod
941 560 974 621 in
1001 561 1179 624 remissiore
1203 560 1306 647 plebis

136 666 391 750 pronuntiatione
424 664 616 750 perdifficile
654 665 752 729 fuerit
784 665 938 730 vocabula
975 669 1150 751 quantitate
1182 678 1307 733 servata

136 773 301 836 enuntiari.
347 772 460 856 Aeque
491 770 628 857 syllabas
658 773 817 858 positione
848 780 881 836 et
910 781 1022 837 natura
1051 773 1161 858 longas
1191 777 1306 860 corripi

135 878 232 943 licere
255 887 355 964 putat.
400 878 526 943 Primus
556 880 653 964 igitur
683 878 860 943 manifestis
883 879 991 945 verbis
1015 883 1248 967 correptionem
1268 906 1306 946 ex

137 1008 196 1049 usu
219 984 377 1050 cotidiano
400 987 642 1072 interpretatur,
665 1009 766 1070 neque
789 994 896 1050 tamen
920 1009 999 1071 quae
1016 987 1097 1050 dixit
1117 987 1210 1072 plane
1234 1013 1306 1074 pro-

136 1091 242 1157 banda
269 1092 419 1157 videntur
447 1101 548 1178 atque·
571 1092 604 1156 id
637 1092 677 1158 ob
708 1116 777 1157 eam
809 1116 889 1172 rem,
922 1093 1008 1178 quod
1036 1101 1181 1173 „omnes“
1211 1119 1306 1160 voces

136 1198 271 1264 iambica
293 1223 440 1265 mensura
462 1201 651 1285 incipientes
676 1202 855 1285 promiscue
879 1202 995 1285 corripi
1017 1200 1112 1265 licere
1136 1211 1235 1287 putat.

243 1306 390 1388 Klotz¹l
406 1308 517 1392 legem,
533 1330 625 1391 quam
642 1307 846 1387 „metrisohes
862 1307 1307 1394 Positionskiirzungsgesetz“

137 1421 241 1494 vocat,
265 1416 385 1492 statuit,
408 1437 470 1498 qua
494 1436 602 1478 omnes
627 1415 782 1478 eiusmodi
806 1416 1020 1500 correptiones
1047 1416 1190 1501 intellegi
1212 1417 1308 1482 iubet.

138 1520 432 1584 Pronuntiationem
464 1522 592 1585 minime
626 1521 858 1606 respiciendam
891 1543 960 1585 esse
991 1530 1095 1607 putat,
1129 1524 1206 1586 satis
1240 1546 1308 1588 esse

138 1628 303 1692 contendit
334 1636 468 1707 „certam
502 1629 664 1692 metricam
698 1629 906 1713 positionem“
944 1627 1055 1692 adesse
1092 1637 1125 1692 et
1156 1629 1308 1714 syllabam

138 1734 368 1820 corripiendam
391 1737 457 1799 ictu
481 1757 596 1799 carere.
642 1733 724 1798 Cum
747 1757 811 1798 non
835 1757 944 1798 omnes
968 1757 1065 1799 voces
1095 1735 1177 1799 hanc
1208 1736 1309 1822 legem

138 1850 318 1926 sequantur,
340 1833 506 1906 nonnullas
529 1842 622 1906 aliter
643 1842 877 1927 interpretatur,
900 1850 936 1905 ut
958 1841 1101 1921 „festra“,
1124 1843 1310 1920 „avonclus“

138 1971 196 2034 pro
231 1948 415 2028 ,fenestra“,
451 1948 662 2028 ,‚avonculus“
696 1948 875 2025 substituit,
912 1949 1077 2013 nonnullas
1112 1953 1227 2014 mutari
1257 1951 1310 2015 vel

138 2058 303 2141 transponi
327 2055 405 2120 vult.
985 2045 991 2056 ⁸

246 2160 443 2244 Skutsch2)
468 2185 539 2226 cum
562 2162 649 2226 nulla
673 2163 822 2241 omnium,
846 2185 925 2247 quae
949 2162 1053 2227 adhuc
1071 2164 1212 2257 prolatae
1229 2175 1310 2243 sunt,

138 2269 368 2355 interpretandi
401 2271 483 2333 ratio
518 2292 616 2354 acque
657 2292 765 2334 omnes
805 2292 902 2334 voces
937 2271 1158 2356 amplectatur,
1196 2295 1311 2337 novam

140 2379 280 2452 excussit
303 2377 353 2441 his
376 2375 500 2443 verbis:
532 2375 633 2455 ,Eine
656 2376 829 2462 jambische
854 2375 1058 2463 Silbenfolge,
1082 2379 1133 2442 die
1157 2380 1218 2443 11611
1241 2380 1312 2443 Tou

140 2484 195 2548 auf
211 2483 268 2548 der
283 2484 390 2548 Kiirze
406 2489 499 2570 tragt,
523 2483 599 2548 oder
623 2483 680 2548 der
702 2483 754 2548 die
776 2484 984 2570 tontragende
1001 2484 1089 2549 Silbe
1108 2486 1313 2550 unmittelbar

140 2591 230 2676 folgt,
252 2590 331 2657 wird
354 2590 599 2677 pyrrhichisch.“
637 2590 711 2655 Hac
726 2590 795 2676 lege
819 2590 898 2655 haec
917 2591 980 2655 duo
1004 2593 1119 2677 profici
1135 2593 1310 2657 contendit:

142 2705 175 2762 et
204 2719 312 2761 omnes
346 2700 561 2783 correptiones
596 2697 706 2761 eodem
739 2697 835 2761 modo
866 2699 1009 2783 intellegi
1042 2708 1074 2763 et
1105 2701 1207 2785 legem
1240 2722 1311 2763 cum

141 2806 396 2892 pronuntiatione
419 2804 513 2890 plane
537 2826 726 2889 congruere:
765 2804 992 2869 difficillimum
1023 2808 1105 2869 euim
1134 2806 1212 2870 dicit
1242 2829 1311 2869 esse

141 2912 267 2997 longam
291 2911 458 2997 syllabam,
489 2913 542 2976 cui
571 2911 678 2976 brevis
708 2933 780 2975 cum
809 2913 876 2975 ictu
903 2912 1048 2998 praedita
1070 2913 1238 2977 antecedat
1260 2913 1312 2977 vel

142 3042 236 3104 qnam
268 3019 329 3083 alia
361 3020 459 3082 ictum
493 3017 613 3082 habens
646 3019 753 3082 statim
785 3028 948 3102 sequatur,
981 3021 1156 3104 quantitate
1189 3028 1313 3084 servata

142 3127 345 3212 pronuntiari.
404 3124 479 3189 Sine
514 3124 611 3189 dubio
646 3127 746 3189 omnis
783 3125 1012 3212 interpretandi
1047 3125 1224 3190 difficultas
1259 3126 1313 3189 illa

141 3233 264 3298 tollitur
285 3234 364 3319 lege,
388 3232 445 3297 sed
468 3254 587 3312 vereor,
609 3255 649 3296 ne
672 3234 766 3296 nimis
785 3232 1091 3319 longe-processerit.
1131 3233 1207 3297 Mea
1230 3235 1311 3297 enim

142 3342 299 3405 sententia
337 3341 573 3424 corruptionum
611 3348 646 3403 ut
682 3335 856 3419 „amator“,
897 3337 1069 3419 „amicus“,
1108 3337 1313 3426 „negdtium“

143 3447 292 3511 similium
308 3468 437 3532 prorsus
457 3446 580 3532 singula
603 3446 749 3532 exempla
771 3469 829 3532 pro
851 3448 974 3533 ingenti
989 3447 1159 3512 eorundem
1176 3447 1314 3513 vocabu-

142 3555 243 3617 lorum
266 3576 330 3617 non
355 3563 571 3638 correptorum
595 3576 725 3618 numero
748 3554 828 3618 nihil
852 3555 967 3619 valent.

249 3660 361 3746 Nuper
375 3660 574 3747 Lindsay3)
598 3660 638 3725 de
659 3661 769 3726 eadem
786 3663 969 3747 quaestione
985 3663 1050 3747 egit
1073 3671 1113 3741 et,
1137 3685 1313 3748 quanquam

252 3839 271 3906 ¹)
290 3838 408 3891 Klotz:
438 3837 946 3909 (1111111116111111111101101Μ611111.
984 3838 1051 3910 Lpz.
1073 3840 1148 3894 1890.
1178 3856 1203 3909 p.
1223 3840 1266 3893 86.

252 3927 272 3995 2)
292 3927 456 3981 Skutsch:
486 3928 691 3999 Forschungen.
729 3928 780 3982 Bd.
801 3931 824 3981 l.
862 3928 1027 3999 Lpz.18o2.
1056 3945 1082 3998 p.
1103 3930 1126 3983 6.

253 4016 272 4084 ³)
292 4016 458 4086 Lindsay:
491 4017 549 4071 The
576 4018 686 4088 journal
711 4018 741 4072 of
766 4017 927 4088 Philologio.
964 4018 1000 4073 V.
1027 4017 1101 4071 XXI
1127 4035 1153 4088 p.
1181 4018 1232 4072 198
1255 4035 1313 4087 sqq.

144 4107 179 4161 V.
199 4105 290 4160 XXII
309 4124 335 4177 p.
356 4107 372 4160 2
390 4124 448 4177 sqq.
