2904 4710
709 283 748 343 37

140 473 247 538 Multa
270 475 427 559 exempla,
455 473 570 558 quibus
595 484 747 560 appareat
769 475 931 539 Romanos
953 477 1042 561 ipsos
1066 498 1128 539 non
1153 477 1230 539 satis
1254 477 1316 539 sci-

140 583 240 660 visse,
270 589 375 644 utrum
399 580 497 645 verba
519 581 625 645 littera
647 582 680 663 ‘l'
707 583 866 666 geminata
895 590 1003 646 essent
1025 581 1193 647 scribenda
1217 605 1316 646 necne

140 687 234 752 affert
256 686 394 752 Corssen
417 688 437 751 l.
461 710 487 752 c.
510 688 548 751 12
571 713 601 774 p.
626 693 699 753 227.

248 791 390 859 fcnbstra
411 796 444 858 in
468 794 634 860 codicibus
658 796 792 881 legimus
816 797 865 860 in:

252 902 322 967 Cas.
353 924 382 966 o.
408 905 496 967 132:
542 902 637 987 „quid
668 902 782 982 facies,
814 902 1003 967 concludere
1035 905 1068 967 in
1101 903 1241 967 fenestra
1264 903 1317 987 (Α)

139 1010 288 1072 firmiter‘
293 1033 302 1088 3
325 1010 375 1087 „in
399 1008 592 1073 fenestram“
616 1010 665 1093 (B,
689 1010 731 1088 V,
755 1010 792 1089 Ε,
815 1010 856 1090 J).

249 1117 329 1211 Mil..
348 1138 378 1180 a.
407 1120 495 1181 379:
542 1139 663 1201 „neque
691 1117 831 1181 fenestra
858 1140 960 1202 neque
989 1117 1108 1182 clarata
1135 1141 1206 1181 nam
1231 1126 1316 1182 certe

140 1244 201 1307 ego
224 1232 256 1286 te
280 1224 366 1287 intus
390 1223 476 1288 vidi“
500 1223 552 1306 (A)
577 1246 650 1310 pro:
675 1246 795 1309 „neque
819 1225 953 1289 clarata“
976 1224 1095 1289 habent
1117 1224 1315 1290 BCDFZ:

138 1330 219 1409 „nisi
243 1331 388 1394 clarata“.

247 1437 334 1502 aua
373 1459 404 1502 o,
445 1441 512 1502 88:
568 1438 777 1517 „illustriores
816 1438 896 1503 fecit
929 1438 1150 1524 fenestrasque
1184 1438 1316 1503 indidit“

140 1541 340 1624 BODFZ3
364 1544 396 1606 A
419 1566 481 1608 non
505 1543 602 1609 habet
625 1546 654 1608 h.
679 1569 708 1610 v.

247 1651 321 1715 Hoc
344 1650 477 1717 verbum
507 1674 570 1715 non
602 1660 772 1737 usurpatur
802 1654 864 1716 nisi
894 1652 983 1718 brevi
1015 1652 1156 1717 secunda
1180 1652 1301 1739 syllaba
1307 1678 1316 1732 3

139 1780 215 1842 ergo
239 1758 279 1822 de
301 1757 474 1837 ‚‚licentia“,
508 1782 570 1843 qua
592 1768 688 1845 poeta
712 1782 788 1824 usus
813 1762 864 1838 sit,
894 1783 997 1823 sermo
1021 1782 1177 1839 essenon
1201 1768 1316 1846 potest.

139 1865 276 1950 Bentley
292 1867 509 1949 quaestionem
533 1889 597 1929 non
621 1867 719 1932 solvit
741 1866 896 1931 adnotans
920 1867 962 1931 ad
976 1867 1047 1930 Ter.
1065 1867 1163 1930 Haut.
1180 1866 1235 1930 III
1254 1874 1316 1949 172:

139 1973 304 2050 „nimbum
329 1974 450 2056 antiqui
473 1972 614 2037 fenestra
636 1974 794 2060 prioribus
823 1973 947 2039 duobus
976 1973 1127 2038 brevibus
1151 1976 1317 2060 pronunti-

138 2088 233 2143 arunt
255 2080 307 2144 vel
330 2089 494 2143 contracte
522 2080 652 2162 tfestra’.
696 2080 827 2145 Plautus
852 2090 937 2145 certe
960 2103 1113 2165 nusquam
1139 2104 1202 2144 non
1226 2080 1318 2145 effert

139 2185 280 2250 secunda
315 2185 432 2251 brevit
491 2187 580 2251 Inter
614 2190 700 2252 viros
736 2187 862 2267 doctae,
901 2190 955 2273 qui
990 2187 1030 2252 de
1065 2188 1125 2252 hoc
1159 2188 1315 2254 vocabulo

139 2301 280 2379 egerunt,
303 2294 470 2357 consensio
494 2316 557 2357 non
583 2303 647 2358 est:
672 2294 798 2358 Ritschl
821 2294 985 2373 „fnestra“,
1009 2304 1045 2358 ut
1067 2294 1198 2359 alteram
1222 2294 1316 2380 sylla-

139 2398 212 2464 bam
244 2399 370 2486 longam
403 2402 553 2479 retineat,
586 2400 743 2485 praefert;
777 2400 914 2463 Mueller
944 2398 1118 2480 „feniistrff
1141 2401 1314 2465 secundum

139 2506 316 2592 analogiam
347 2516 524 2571 ceterorum
550 2506 775 2571 vocabulorum
806 2515 1022 2593 correptorum
1051 2530 1121 2571 esse
1151 2510 1315 2594 pronunti-

139 2614 256 2678 andum
289 2614 456 2679 contendit
463 2639 472 2694 3
508 2613 648 2678 Corssen
681 2613 817 2700 denique
852 2614 1028 2693 „fenstrae“
1060 2617 1130 2680 sive
1161 2615 1315 2695 ‚,festrae“

138 2720 257 2785 formas
280 2720 403 2807 probat,
427 2721 513 2805 qnod
533 2723 649 2786 scimus
673 2722 759 2808 apud
782 2723 928 2806 antiquos
944 2721 1027 2786 hanc
1041 2721 1175 2788 formam
1199 2725 1232 2786 in
1255 2746 1314 2787 usu

138 2827 247 2892 fuisse.
292 2828 430 2892 Mueller
465 2829 593 2914 quidem
627 2829 766 2907 dubitat,
800 2853 875 2893 num
908 2831 955 2893 sic
987 2831 1182 2915 pronuntiari
1213 2831 1315 2909 liceat,

138 2957 316 3020 quanquam
341 2959 443 3020 neque
459 2935 549 2999 Festi
567 2938 792 3016 testimonium,
816 2939 870 3021 qui
887 2961 916 3022 p.
930 2940 969 3001 91
998 2937 1142 3019 festram’
1169 2939 1314 3021 antiquos

139 3040 259 3106 dixisse
282 3045 456 3120 annotavit,
487 3066 545 3107 nec
569 3043 728 3107 Macrobii
751 3046 783 3106 in
808 3043 873 3107 Sat.
897 3043 952 3106 ΙΙΙ
979 3047 1036 3126 128
1063 3043 1160 3109 verba
1182 3046 1315 3128 ignorat,

139 3170 220 3232 quae
243 3151 290 3212 sic
314 3159 442 3213 sonant:
475 3150 651 3228 „Antonius
678 3149 817 3236 Gnipho,
842 3152 891 3215 vir
914 3149 1036 3228 doctus
1059 3153 1149 3214 cuius
1173 3150 1314 3216 scholam

139 3254 253 3320 Cicero
285 3265 359 3343 post
391 3256 531 3322 laborem
561 3257 624 3320 fori
653 3256 892 3341 frequentabat,
926 3256 1029 3321 Salios
1057 3257 1191 3321 Herculi
1223 3257 1314 3322 datos

138 3362 253 3449 probat
275 3365 308 3426 in
333 3387 370 3428 eo
395 3366 570 3442 volumine,
601 3387 663 3449 quo
687 3364 838 3450 disputat,
862 3357 938 3448 quid
962 3366 1004 3428 sit
1026 3364 1134 3443 festra,
1158 3364 1243 3448 quod
1267 3374 1316 3429 est

139 3471 254 3534 ostium
279 3471 490 3535 minusculum
515 3473 546 3534 in
572 3474 722 3550 sacrario,
753 3494 815 3556 quo
846 3471 945 3537 verbo
973 3473 1067 3535 ctiam
1092 3471 1214 3535 Ennius
1239 3495 1313 3536 usus

139 3583 206 3642 est“
230 3581 271 3624 ’-
306 3601 368 3663 quo
401 3580 468 3642 iure
499 3578 626 3642 dubitet
655 3580 773 3643 nescio.
820 3577 902 3642 Sane
934 3601 1035 3662 neque
1065 3578 1180 3643 Festus
1211 3602 1314 3664 nequo

138 3684 323 3749 Macrobius
347 3685 459 3750 dicunt
481 3692 643 3770 „semper‘
666 3685 800 3749 formam
830 3685 981 3765 „festrae“
1014 3688 1084 3749 usui
1111 3686 1224 3763 fuisse,
1257 3687 1315 3751 sed

138 3790 200 3856 hoc
224 3791 376 3869 efficiunt,
398 3802 435 3856 ut
457 3795 594 3857 sciamus
617 3792 795 3857 breviorem
818 3792 953 3856 formam
976 3793 1020 3856 ibi
1045 3795 1188 3879 usurpari
1210 3793 1314 3873 licere,

138 3897 193 3963 ubi
216 3898 341 3984 longior
363 3900 405 3963 ad
428 3909 562 3963 metrum
587 3923 649 3963 non
674 3899 814 3983 quadrat.
861 3899 970 3978 Porro,
998 3899 1156 3983 quomodo
1180 3923 1220 3964 ex
1243 3901 1315 3964 Ma-

138 4005 239 4070 crobii
272 4006 377 4071 verbis
411 4006 622 4071 demonstrari
655 4009 759 4092 possit
790 4007 961 4070 fenestram
994 4030 1057 4070 non
1090 4007 1175 4071 idem
1208 4008 1314 4073 valere

138 4122 233 4198 atque
266 4113 397 4178 lestram
430 4137 493 4177 non
526 4114 685 4200 intellego
731 4114 814 4177 Nam
845 4116 969 4178 etiamsi
1000 4113 1180 4199 Gniphonis
1211 4124 1313 4179 aetate
