2904 4710
704 273 745 337 92

140 465 380 547 vocabulorum,
412 489 544 552 quorum
573 469 671 532 altera
700 470 858 554 positione
880 468 975 553 longa
998 475 1060 546 est,
1093 475 1314 552 correptorum

141 597 217 639 usus
241 597 366 660 semper
387 574 473 638 idem
497 583 554 654 est,
576 576 726 639 nonnulla
749 577 832 639 enim
857 597 982 660 semper
996 574 1063 638 fere
1080 576 1312 660 corripiuntur:

139 682 343 761 „avrmculus
366 682 538 762 cavillator,
560 685 727 746 iuventus“
750 683 810 746 alia
833 683 959 767 saepius
976 690 1122 766 correpta
1138 704 1232 766 quam
1250 703 1313 744 non

142 798 288 874 correpta
311 797 400 853 suut:
424 789 639 874 „voluptatis
659 789 774 868 -abilis,
790 791 899 867 -arius,
921 789 1104 853 voluntate“
1127 788 1191 852 alia
1214 788 1313 852 semel

141 895 193 960 vel
215 895 266 960 bis
289 904 433 981 correpta
456 899 581 982 saepius
604 919 668 960 non
684 904 829 982 correpta
843 896 997 982 leguntur.
1032 894 1131 972 Quod
1147 904 1183 959 ut
1198 895 1312 959 melius

141 1012 362 1088 cognoscatur,
389 1002 431 1067 ad
453 1004 576 1088 singula
599 1003 696 1068 verba
718 1013 926 1081 transeamus
955 1012 987 1068 et
1009 1004 1145 1088 primum
1170 1025 1207 1066 ea
1228 1011 1312 1066 trac-

140 1119 252 1189 temuS,
275 1133 354 1194 quae
377 1120 522 1196 correpta
544 1133 606 1174 nou
623 1111 800 1197 probamus,
823 1110 937 1175 deinde
962 1133 1006 1188 ea,
1030 1131 1110 1194 quae
1133 1111 1167 1172 in
1187 1109 1312 1193 vulgari

140 1218 394 1302 pronuntiatione
431 1219 568 1303 synioesi
600 1218 897 1304 pronuntiabantur,
929 1216 1079 1302 denique,
1111 1239 1192 1301 quae
1223 1218 1310 1280 etin

140 1323 228 1388 libris
252 1332 285 1387 et
306 1325 339 1386 in
361 1326 618 1410 pronuntiatione
641 1335 787 1411 correpta
810 1333 892 1389 sunt.

249 1432 337 1496 Trio.
363 1454 392 1496 a.
421 1435 512 1513 338:
548 1434 639 1517 „quia
661 1434 729 1497 sine
753 1454 844 1496 omne
867 1431 988 1495 malitia
1011 1439 1061 1494 est
1082 1430 1219 1494 tolerare
1243 1431 1310 1493 eius

140 1546 312 1624 egestatem
336 1538 428 1602 volo“
451 1542 482 1603 A
508 1540 646 1625 praebet,
669 1563 741 1603 cum
757 1539 815 1604 BC
839 1548 1027 1625 „egestatem
1051 1539 1136 1602 eius“
1159 1537 1310 1616 habeant3

139 1645 265 1710 Ritschl
289 1648 335 1725 „ei
359 1655 549 1731 egestatem“
570 1647 634 1733 legi
650 1648 728 1726 vult,
751 1647 898 1732 equidem
921 1648 1027 1731 potius
1051 1644 1109 1708 BC
1133 1667 1257 1729 sequor.

245 1753 285 1816 In
308 1755 424 1819 Pseud.
450 1777 479 1818 o.
501 1757 586 1819 997:
623 1777 774 1840 „propera
798 1754 919 1839 pellege
943 1759 986 1836 (re
1010 1754 1123 1838 epistu)
1148 1752 1211 1815 lam
1236 1774 1310 1838 ergo

139 1859 193 1942 (id)
223 1864 303 1946 ag(o)
336 1862 452 1925 tacitus
486 1863 529 1924 sis
559 1861 671 1925 mod0“
703 1861 875 1926 secundum
905 1845 951 1939 A,
985 1861 1030 1939 ,si
1053 1869 1166 1924 taceas
1197 1859 1310 1923 modo·‘

139 1989 200 2031 sec.
223 1968 251 2032 B
257 1992 266 2047 3
282 1953 428 2031 editores
451 1991 522 2032 cum
546 1968 664 2032 Bothio
687 1976 797 2054 „ergo“
819 1976 1037 2054 transpourmt.

245 2074 429 2139 hirundines
459 2077 491 2138 in
521 2077 608 2140 Rud.
634 2099 662 2141 o.
692 2080 759 2141 604
789 2076 926 2141 editores
956 2096 1018 2138 non
1047 2073 1192 2160 probant.
1240 2073 1309 2138 Me-

138 2183 238 2246 mo1ia
269 2181 347 2246 haec
378 2191 441 2247 est:
488 2187 595 2262 „natas
627 2206 666 2247 ex
689 2183 866 2246 Philomela
895 2192 989 2267 atque
1020 2204 1059 2244 ex
1083 2181 1208 2266 Progne
1240 2203 1309 2245 esse

138 2288 349 2354 hirundines“.
383 2290 518 2354 Bothius
542 2313 596 2369 „ac
613 2289 754 2375 Progne“
778 2290 840 2375 legi
857 2288 992 2368 volebat,
1016 2288 1179 2352 Hermann
1204 2294 1310 2367 „esse“

138 2395 276 2472 delebat,
310 2397 436 2460 Ritsehl
470 2399 503 2459 in
539 2419 647 2482 opusc.
677 2396 714 2459 Il
739 2401 757 2460 2
793 2420 822 2481 p.
854 2400 916 2460 487
949 2390 994 2480 sip
1033 2403 1125 2481 putat
1159 2393 1309 2460 Plautum

137 2502 307 2582 „Procina“
331 2526 393 2566 non
416 2503 577 2589 „Progne“
601 2505 781 2589 scripsisse,
812 2526 870 2567 nec
901 2505 930 2566 ei
953 2502 1071 2589 placet,
1101 2501 1187 2586 quod
1211 2502 1310 2566 Bothi

137 2612 310 2674 mutatione
333 2610 393 2674 hoc
417 2610 549 2675 verbum
572 2610 654 2674 thesi
678 2632 777 2696 paene
802 2611 1006 2696 opprimitur,
1022 2610 1194 2681 ¹iteratione
1220 2612 1309 2675 vocis

137 2723 213 2794 „ex“
235 2716 412 2802 improbata
441 2717 522 2781 hauc
553 2741 666 2781 novam
698 2717 823 2803 legendi
846 2718 998 2780 rationem
1022 2716 1160 2802 profert:
1199 2722 1310 2795 „natas

137 2847 206 2888 esse
231 2829 268 2888 ex
292 2823 465 2888 Philomela
488 2846 525 2888 ac
548 2825 684 2888 Procina
706 2824 906 2888 hirundines‘
937 2833 969 2887 et
997 2829 1104 2904 „natas
1136 2846 1176 2887 ex
1199 2823 1312 2889 Philo·

137 2931 219 2995 mela
242 2954 310 2995 osse
334 2953 371 2995 ac
394 2931 529 2995 Prociua
552 2931 760 2995 hirundines“.
807 2930 934 2995 Schoell
962 2933 994 2993 in
1019 2930 1124 2995 verbis
1148 2938 1263 3015 „atque
1280 2981 1310 2996 ..

137 3038 279 3124 Prognc“
302 3038 448 3116 offendit,
480 3037 610 3102 adnotat
641 3041 740 3102 euim:
776 3048 809 3102 at
837 3040 907 3124 ipsa
935 3038 1039 3102 forma
1065 3037 1173 3124 prodit
1195 3047 1309 3124 „atque

137 3145 279 3231 Progne“
303 3169 373 3210 esse
398 3145 487 3210 scioli
511 3146 770 3223 additamentum,
794 3148 848 3231 qui
873 3169 912 3210 ex
927 3147 1125 3209 noviciorum
1141 3153 1308 3230 poetarum

137 3253 245 3339 (Verg.
270 3253 342 3333 Ov.)
375 3255 496 3317 ratione
520 3254 657 3318 Varroni
689 3253 828 3317 nondum
858 3262 933 3317 nota
960 3252 1101 3318 fabulam
1132 3255 1307 3318 notaverit:

137 3370 231 3445 atque
260 3362 372 3425 Attica
404 3360 444 3426 ob
477 3385 506 3425 v.
532 3364 593 3424 605
627 3370 749 3424 tantum
783 3382 845 3423 uon
876 3362 1089 3424 necessarimm
1122 3359 1172 3443 (cf.
1202 3384 1232 3424 v.
1257 3365 1308 3439 35,

138 3471 199 3532 737
226 3473 319 3553 sqq.);
354 3469 416 3553 legi
439 3477 542 3532 autem
568 3468 652 3531 vult:
686 3467 804 3545 „Natus
833 3491 872 3531 ex
895 3467 1072 3531 Philomela
1092 3466 1214 3530 ‘Attica
1238 3472 1306 3532 esse

136 3574 345 3638 hirundincs“.
391 3575 471 3653 Leo,
502 3573 747 3638 Goetz-Schoell
779 3577 981 3639 consentiunt
1010 3576 1043 3636 in
1066 3575 1096 3636 A
1126 3572 1305 3638 breviorem

136 3704 228 3766 quam
252 3684 284 3745 in
304 3681 394 3745 BOD
418 3705 544 3747 versum
568 3681 677 3745 fuisse.
716 3682 780 3746 Res
805 3704 878 3767 ergo
902 3682 1005 3746 adhuc
1029 3683 1105 3745 satis
1129 3680 1226 3745 dubia
1250 3689 1306 3746 est

241 3791 439 3872 Asrnplutrao
463 3812 492 3853 r.
526 3793 564 3852 74
592 3811 654 3851 non
680 3788 755 3851 licet
777 3789 893 3852 afferre
917 3798 953 3852 ut
975 3790 1212 3874 „magistratus“
1237 3810 1304 3853 cor-

136 3905 225 3981 repta
257 3896 355 3959 altera
386 3895 508 3980 syllaba
539 3896 674 3960 inveniri
704 3895 950 3974 demonstretur,
982 3918 1053 3959 nam
1084 3905 1303 3981 praeterquam

135 4002 220 4087 quod
253 4003 340 4065 locus
372 4005 440 4089 ipsc
473 4003 565 4066 valde
598 4011 648 4066 est
678 4012 857 4088 corruptus,
889 4026 999 4067 vorsus
1033 4006 1138 4067 1-96
1164 4003 1304 4067 Plautini

136 4132 196 4172 uon
222 4119 296 4173 suut
318 4110 359 4173 cf.
384 4110 529 4194 Langon:
554 4109 650 4174 Bcitr.
673 4133 703 4195 p.
728 4114 778 4174 97.

321 4414 406 4436 Α
