2904 4710
711 246 729 307 9

135 462 197 503 non
229 449 443 524 correptorum
475 438 701 504 vocabulorum
731 461 893 502 numerum
926 460 988 501 non
1017 438 1171 522 respexit,
1201 444 1304 500 tamen

136 545 318 610 observavit
347 546 432 632 apud
463 555 572 632 poetas
604 547 766 610 scaenicos
797 543 933 630 syllabas
963 566 1024 608 non
1049 545 1165 628 corripi
1188 544 1250 606 nisi
1273 544 1306 605 in

135 655 389 738 pronuntiatione
420 676 545 737 quoque
575 661 736 738 correptas
767 674 826 716 nec
855 673 992 736 unquam
1023 651 1165 716 vocalem
1196 659 1308 714 natura

135 760 260 845 longam
292 761 373 845 lege,
406 783 486 844 quae
515 760 623 825 brevis
654 759 830 825 breviantis
854 767 998 838 vocatur,
1030 767 1207 843 correptam
1238 779 1307 821 esse

135 868 197 930 nisi
220 869 253 929 in
277 866 389 930 ultima
413 865 561 931 vocabuli
584 866 713 952 syllaba.
1017 869 1020 874 “

242 973 305 1037 His
330 976 495 1038 sententiis
519 974 622 1038 allatis
646 982 724 1059 puto
747 995 811 1037 non
834 975 896 1037 iam
918 994 1187 1058 supervacaneum
1207 970 1308 1034 videri

135 1080 217 1144 hanc
241 1083 457 1164 quaestionem
482 1081 521 1145 de
545 1083 668 1167 integro
690 1082 829 1145 tractari.
874 1079 972 1157 Quod
999 1088 1035 1142 ut
1063 1102 1156 1164 quam
1180 1100 1309 1142 accura-

136 1189 258 1251 tissime
290 1187 363 1266 fiat,
395 1211 458 1252 non
490 1189 592 1252 solum
623 1197 788 1272 correptae
819 1210 928 1265 voces,
961 1186 1018 1250 sed
1050 1188 1144 1250 etiam
1177 1208 1308 1270 quarum

137 1295 236 1358 altera
268 1295 360 1380 longe
391 1296 520 1380 legitur,
553 1296 729 1359 enumerari
762 1293 893 1373 debent,
926 1301 962 1358 ut
994 1293 1044 1358 vel
1078 1292 1146 1357 solo
1178 1314 1309 1355 numero

138 1401 233 1465 allato
257 1411 419 1487 appareat,
449 1425 523 1465 num
553 1401 607 1465 lex
637 1402 678 1466 ad
702 1403 807 1465 omnia
829 1400 984 1467 vocabula
1006 1399 1142 1465 iambica
1164 1422 1309 1463 mensura

137 1509 322 1593 incipientia
345 1510 412 1592 pari
436 1508 531 1571 modo
554 1510 715 1594 pertinens
739 1509 837 1572 statui
860 1510 969 1594 possit.
1007 1507 1090 1571 Tum
1114 1529 1193 1592 quae
1213 1506 1310 1571 verba

138 1615 170 1676 in
188 1615 309 1699 vulgari
325 1616 580 1700 pronuntiatione
597 1638 659 1678 non
683 1623 829 1701 correpta
845 1638 915 1679 esse
935 1614 1100 1700 apparebit
1116 1613 1311 1700 seiungenda

139 1728 214 1784 sunt
242 1720 282 1785 ab
314 1724 373 1800 eis,
406 1744 485 1805 quae
518 1731 662 1807 correpta
692 1731 780 1801 sunt;
813 1721 948 1806 denique
980 1721 1171 1807 corripiendi
1193 1721 1247 1784 lex
1271 1743 1310 1784 ex

138 1829 215 1913 ipsis
233 1828 396 1892 vocabulis
416 1831 569 1914 correptis
586 1827 833 1893 demonstranda
856 1836 913 1893 est.
951 1828 1180 1906 Quaestionem
1203 1835 1309 1892 autern

137 1937 183 1998 ita
205 1937 342 2015 institui,
372 1946 408 2000 ut
430 1959 555 2021 agerem
579 1937 715 2021 primum
739 1936 779 2000 de
803 1935 967 2000 vocabulis
990 1937 1086 1999 trium
1110 1935 1310 2021 syllabarum,

139 2041 255 2106 deinde
279 2042 318 2107 de
343 2044 399 2122 eis,
422 2066 502 2128 quae
526 2045 597 2130 plus
621 2066 714 2128 quam
738 2052 804 2108 tres
827 2042 945 2108 habent
967 2042 1113 2129 syllabas.

439 2275 465 2339 I.
489 2276 612 2340 Verba
634 2279 749 2340 trium
772 2275 1012 2362 syllabarum.

498 2436 537 2498 A.
568 2437 800 2499 Declinationis
824 2435 953 2499 formae.

248 2579 275 2639 1.
298 2599 361 2640 non
385 2586 558 2662 correptae.

298 2688 329 2762 a)
354 2684 452 2749 altera
475 2684 596 2771 syllaba
620 2687 778 2770 positione

297 2789 329 2872 b)
354 2791 452 2855 altera
475 2792 596 2878 syllaba
619 2802 732 2857 natura
755 2793 849 2879 longa
873 2802 930 2856 est.

247 2901 275 2960 2.
299 2907 471 2984 correptae.

299 3007 327 3087 a)
350 3007 433 3069 ictus
456 3008 489 3069 in
513 3008 614 3091 prima
637 3015 686 3070 est
708 3006 836 3092 syllaba.

406 3119 436 3192 a)
461 3113 559 3177 altera
581 3115 739 3199 positione

405 3223 437 3303 β)
461 3220 561 3284 altera
584 3229 696 3284 natura
720 3220 813 3305 longa
838 3229 894 3284 est.

299 3324 330 3404 b)
354 3327 437 3389 ictus
460 3328 493 3389 in
516 3329 610 3391 tertia
634 3320 683 3391 est
706 3327 836 3413 syllaba.

407 3439 438 3514 a)
462 3433 559 3498 altera
584 3436 741 3519 positione

406 3543 440 3624 β)
462 3541 561 3604 altera
584 3551 695 3605 natura
718 3542 813 3627 longa
837 3550 894 3605 est.

494 3736 531 3800 B.
566 3736 806 3822 Coniugationis
829 3738 959 3801 formae.

250 3862 277 3922 l.
303 3882 363 3923 non
388 3871 559 3947 correptae.

301 3970 330 4043 a)
354 3966 453 4030 altera
475 3969 632 4052 positione

301 4073 332 4144 b)
356 4073 455 4138 altera
478 4083 589 4138 natura
612 4075 707 4161 longa
730 4086 787 4141 est.
