2904 4710
707 292 766 352 111

152 629 153 633 =
257 593 415 657 Numerus
438 594 534 677 igitur
556 590 724 669 verborum
754 591 859 655 iambo
882 592 1115 676 incipientium,
1145 615 1224 677 quae
1248 592 1320 678 plus

150 724 244 785 quam
266 710 330 764 tres
354 699 473 764 habent
495 698 642 785 syllabas
665 721 736 762 cum
754 708 969 784 correptorum
992 708 1060 762 tum
1083 721 1146 762 non
1162 709 1320 786 correpto-

149 831 217 871 rum
242 809 388 870 minimus
413 816 469 870 est.
515 807 654 871 Exstant
682 808 765 869 enim
790 809 845 884 08,
873 828 1005 890 quorum
1034 807 1132 870 altera
1160 809 1320 892 positione

149 924 182 979 et
207 919 279 992 114,
302 937 435 999 qnorum
459 914 557 978 altera
584 923 696 978 natura
718 913 813 998 longa
840 936 901 977 non
926 908 1071 1000 correpta
1095 923 1144 979 est
1166 923 1277 978 contra
1301 900 1319 978 '5

148 1022 275 1099 formas,
298 1044 430 1106 quarum
449 1022 547 1085 altera
562 1023 720 1107 positione
737 1030 769 1084 et
790 1024 805 1084 1
824 1020 968 1098 formam,
991 1023 1080 1084 cuius
1096 1021 1195 1085 altera
1209 1030 1322 1086 natura

148 1130 241 1213 longa
257 1138 307 1192 est
321 1137 474 1215 correpta.
509 1128 607 1205 Quod
623 1151 696 1213 ergo
713 1150 838 1212 semper
852 1127 991 1192 vidimus
1009 1127 1172 1209 vocabula,
1188 1151 1321 1213 quorum

148 1237 246 1300 altcra
268 1235 390 1321 syllaba
412 1245 523 1300 natura
546 1236 640 1321 longa
663 1244 720 1313 est,
743 1236 813 1320 plus
837 1257 900 1298 non
917 1245 1060 1320 correpta
1084 1245 1117 1299 ct
1132 1238 1235 1300 minus
1252 1259 1323 1300 cor-

148 1351 237 1428 repta
261 1365 330 1406 esse
353 1366 447 1428 qnam
470 1365 603 1428 quorum
627 1343 725 1407 altera
748 1344 904 1427 positione
928 1351 978 1406 est
992 1343 1094 1428 longa,
1116 1345 1231 1407 iterum
1248 1365 1324 1430 pro-

149 1450 250 1514 batur.
305 1450 423 1514 Omnia
457 1458 562 1514 autem
593 1449 691 1514 verba
721 1458 867 1535 correpta
900 1451 998 1513 ictum
1029 1459 1256 1536 accentumque
1287 1452 1324 1514 in

148 1559 242 1621 tertia
271 1556 390 1622 habent
419 1557 555 1643 syllaba,
585 1579 648 1620 non
679 1566 715 1620 ut
744 1556 1012 1621 substantivarum
1042 1557 1193 1621 nonnulla
1223 1580 1322 1621 unum

149 1665 322 1728 alterumvc
342 1665 473 1729 verbum
495 1666 593 1728 ictum
614 1666 646 1727 in
666 1666 768 1751 prima
783 1663 879 1729 habet
895 1663 1022 1750 syllaba.
1057 1664 1233 1729 Videamus
1248 1667 1322 1744 iam,

148 1796 221 1836 num
247 1771 415 1837 verborum
439 1781 654 1858 correptorum
677 1794 789 1836 versus
814 1773 879 1835 sint
901 1770 1064 1857 probandi.

259 1880 335 1944 cist.
354 1903 382 1944 c.
401 1883 429 1962 9,
455 1902 547 1964 quem
571 1878 644 1943 libri
664 1878 831 1964 praebent:
855 1878 927 1964 „p01
950 1881 1031 1942 istoc
1055 1881 1149 1959 (istnc
1165 1878 1193 1958 I)
1217 1881 1320 1964 pretio

148 1985 242 2050 facile
266 1995 316 2050 est
337 1986 537 2071 frequentare
559 1988 562 2068 1
583 1986 643 2050 tibi
663 1987 812 2071 utilisque
836 1992 882 2068 (ut
897 1986 1023 2070 illisque
1039 1985 1151 2050 VEIF
1152 1987 1187 2066 Z)
1211 1986 1320 2050 haberi

148 2093 211 2173 (Βῖ)
236 2093 378 2175 (haberes
394 2094 433 2175 Ε)
457 2092 594 2171 Schoell,
617 2094 692 2178 quia
711 2092 815 2157 Varro
839 2093 917 2157 haec
940 2093 1038 2158 verba
1060 2093 1206 2158 tradidit:
1230 2095 1319 2180 „(pol

146 2202 231 2286 ist)o
254 2200 382 2285 quidem
406 2224 463 2264 nos
486 2203 590 2286 pretio
619 2200 729 2283 (facilc
753 2201 896 2286 o)ptanti
921 2210 971 2264 est
992 2200 1193 2285 frequentare
1218 2202 1241 2287 l(
1304 2205 1319 2289 >

147 2331 165 2370 0
189 2306 348 2370 Schoellio
372 2307 481 2371 addita
509 2315 582 2371 sunt
609 2307 650 2371 cf.
674 2306 773 2392 praef.
797 2307 837 2371 ad
862 2306 940 2372 Cist.
963 2331 993 2393 p.
1011 2311 1050 2372 21
1070 2310 1126 2393 sq]
1158 2311 1204 2372 sic
1228 2309 1319 2394 legit:

147 2416 318 2499 „optantist
341 2414 539 2499 frequentare
569 2414 752 2499 utibilisque
780 2414 923 2478 habere“.
973 2415 1059 2480 Vide
1084 2417 1176 2479 etiam
1202 2439 1320 2502 appen-

147 2520 227 2584 dicis
252 2545 280 2606 p.
306 2525 357 2586 92.
403 2522 559 2585 Memoria
582 2544 656 2606 ergo
680 2523 756 2584 satis
780 2523 901 2586 incerta
925 2530 982 2585 est.

136 2611 138 2615 ⁷
258 2629 501 2712 00010140·
525 2630 603 2707 „etsi
627 2631 799 2714 supervivo
817 2630 867 2714 [B]
892 2638 924 2692 01
947 2630 1319 2716 supervivo[E1lusque

146 2734 186 2799 ad
210 2758 363 2799 summam
387 2744 532 2813 aetatem,
554 2743 678 2799 tamen“
708 2734 845 2799 Mueller
869 2759 896 2821 p.
922 2739 995 2816 258,
1019 2736 1105 2821 quod
1128 2737 1169 2800 ad
1192 2746 1319 2801 senten-

145 2844 221 2906 tiam
245 2844 453 2928 „supervivo“
475 2865 537 2906 non
563 2842 704 2927 quadrat,
727 2851 814 2906 recte
837 2840 1062 2928 in'„pervivo“
1086 2846 1229 2907 mutavit.

252 2949 292 3013 ln
319 2952 389 3016 Mil.
415 2973 444 3014 a.
470 2953 555 3014 1091
563 2976 574 3014 .·
610 2949 730 3036 „lepide
759 2950 912 3013 factumst
940 2950 1069 3033 (factum
1099 2952 1167 3014 scia
1189 2951 1229 3032 B)
1256 2953 1317 3015 iam

147 3079 186 3119 ex
216 3064 357 3121 sermone
388 3058 448 3121 hoc
478 3057 698 3141 gubernabunt
728 3057 853 3120 doctius
882 3065 992 3142 porro“
1023 3056 1162 3143 Spengel
1186 3082 1215 3143 p.
1242 3062 1318 3124 loc:

146 3163 381 3248 „gubrnabunffl
412 3167 649 3250 pronuntiatum
679 3164 844 3228 contendit
851 3189 859 3243 ;
893 3163 1106 3228 Corssen112
1135 3168 1198 3229 662
1227 3175 1320 3250 putat

146 3270 281 3333 litteram
300 3293 323 3349 r,
347 3273 464 3357 quippe
481 3295 560 3355 quae
577 3274 672 3335 etiam
688 3271 765 3335 alias
784 3273 937 3336 vilissima
961 3274 1011 3351 sit,
1035 3295 1106 3336 cum
1131 3276 1318 3337 consonanti

71 3392 75 3399 '
146 3379 346 3441 coniunctam
369 3377 519 3463 syllabam
548 3363 673 3464 longam
703 3401 766 3442 non
795 3379 936 3442 reddere.
982 3379 1076 3443 Koch
1093 3381 1140 3444 in:
1163 3378 1272 3444 Jahrb.
1297 3381 1318 3444 1.

146 3484 381 3549 Ρ1111ο1.0.103
399 3508 429 3569 p.
443 3488 505 3548 826
519 3508 563 3570 sq.
587 3495 754 3570 postquam
778 3485 897 3550 formas
915 3488 1053 3572 synicesi
1070 3488 1317 3572 pronuntiandas

146 3593 342 3656 enumeravit
373 3601 422 3656 ut:
453 3594 592 3669 „austin“
619 3594 652 3654 in
681 3593 750 3656 Mil.
774 3617 803 3656 v.
826 3597 906 3672 313;
937 3595 1048 3672 „visti“
1077 3596 1110 3657 in
1134 3594 1220 3658 Trin.
1245 3598 1318 3674 943,

145 3699 243 3762 Merc.
261 3703 333 3777 393,
349 3699 446 3762 Most.
464 3702 527 3764 369
533 3724 542 3779 ;
565 3700 788 3763 ’101001Εο0
806 3703 868 3766 349
875 3726 884 3780 ;
907 3703 1027 3779 „visse“
1045 3703 1078 3765 in
1097 3701 1178 3765 Hec.
1196 3725 1223 3765 v.
1237 3705 1318 3783 5503

144 3808 298 3884 ,‚vissom“
313 3808 344 3868 in
363 3806 488 3870 Phorm.
508 3810 579 3885 189,
595 3806 749 3885 „dedisti‘
766 3815 833 3893 (pro
849 3807 1046 3887 „dedidisti“)
1063 3810 1095 3873 in
1108 3809 1225 3873 Bacch.
1239 3812 1300 3874 687
1309 3836 1318 3890 ;

145 3921 275 3998 „cepse“
299 3912 398 3976 Stich.
417 3917 477 3977 162
487 3938 495 3993 ;
519 3917 734 3999 „accepstine“
757 3916 843 3979 Trin.
860 3921 942 3996 4203
965 3918 1116 4001 „spresti“
1133 3916 1317 3998 Μ11.1072;

145 4028 290 4098 „causse“
314 4021 430 4084 Bacch.
457 4024 539 4085 1017
547 4046 556 4101 ;
580 4031 722 4106 „postas“
747 4027 909 4108 (potestas)
933 4024 1020 4087 Pers.
1038 4027 1111 4102 344,
1135 4023 1226 4110 Capt.
1244 4028 1317 4105 934,

145 4127 227 4191 Rud.
255 4131 356 4207 13393
384 4130 547 4206 „citatem“
570 4130 669 4193 Mero.
694 4133 757 4194 846
786 4134 905 4217 pergit:
939 4131 1118 4209 „Hiernach
1140 4132 1222 4198 wird
1244 4156 1315 4197 man
