2904 4710
621 245 749 340 *as

138 435 272 517 „festra“
302 438 384 501 ostia
412 439 445 500 in
476 439 594 501 sarario
624 438 801 503 minuscula
824 437 1034 523 significabat,
1065 437 1145 501 nihil
1169 418 1317 524 sequitur

139 542 179 607 de
203 543 292 608 verbi
315 566 373 607 usu
391 543 489 607 Ennii
511 544 718 630 temporibus,
758 544 787 607 E
811 546 934 621 asteria,
957 567 1037 630 quae
1053 544 1192 609 Mueller
1215 544 1317 623 affert,

139 673 290 737 apparere
308 651 435 716 videtur
458 674 529 715 eum
547 653 641 716 nimis
652 651 832 731 -oodioibus,
856 674 935 736 quos
951 652 1051 715 multo
1074 660 1150 737 post
1165 651 1316 717 Plautum

139 765 225 821 ortos
249 779 319 822 esse
342 767 480 836 constat,
512 759 669 824 confidere
699 782 758 824 nee
789 760 947 844 respicere
980 758 1088 823 Plauti
1117 757 1244 824 fabulas
1280 767 1316 824 ut

138 864 224 949 apud
239 864 366 951 plebem
391 874 558 952 agerentur
575 867 710 953 scriptas
734 867 829 931 etiarn
847 867 1009 952 vulgarem
1024 867 1315 952 pronuntiationem

139 973 228 1056 sequi
252 971 407 1037 debuisse.
448 971 586 1037 Corssen
609 975 642 1037 iu
666 973 685 1036 l.
709 996 735 1037 o.
752 973 809 1036 112
832 997 862 1059 p.
880 976 942 1038 659
966 981 1053 1037 reete
1077 982 1314 1058 argumentatus

139 1087 188 1142 est
217 1079 326 1143 dicens
357 1081 577 1165 antiquissima
607 1088 711 1145 aetate
735 1079 941 1159 ,‚fenestram“
963 1081 1202 1166 pronuntiatum
1227 1102 1298 1145 esse
1305 1105 1314 1160 3

138 1196 269 1271 propter
291 1186 377 1250 hune
400 1196 567 1251 aeoentnm
591 1187 721 1252 alteram
752 1187 903 1273 syllabam
933 1209 1002 1251 esse
1025 1166 1163 1251 mediam
1186 1186 1313 1252 laetam.

141 1291 267 1374 Postea,
291 1316 363 1358 oum
386 1294 612 1380 pronuntiandi
635 1294 748 1358 modus
765 1303 867 1359 certas
890 1294 976 1380 leges
992 1303 1119 1358 secutus
1143 1303 1238 1374 esset,
1261 1303 1315 1359 aut

138 1409 272 1465 accentu
305 1410 432 1467 servato
464 1401 595 1466 alteram
629 1424 758 1488 prorsus
791 1403 958 1466 evanuisse
990 1410 1022 1465 et
1044 1400 1220 1480 ‚,ienstrae“
1245 1404 1313 1467 sive

137 1506 291 1586 „testrae“
307 1508 424 1572 formas
442 1510 612 1587 exstitisse,
636 1517 691 1573 aut
706 1489 872 1572 noeentum
891 1510 924 1571 in
940 1508 1069 1573 alteram
1085 1510 1313 1594 transpositum

138 1625 216 1678 esse.
262 1616 581 1701 Argumentationem
606 1638 643 1679 eo
668 1615 920 1680 verisimiliorem
943 1614 1062 1693 reddit,
1094 1614 1180 1699 quod
1210 1615 1313 1679 simile

138 1722 318 1807 exemplum
347 1721 437 1802 verbi
469 1722 717 1802 „m0stellariae“
745 1721 850 1800 affert,
885 1721 970 1806 quod
998 1721 1128 1787 verbum
1161 1723 1196 1784 in
1223 1721 1313 1801 ,kris

137 1828 255 1892 Beitrf‘
277 1852 307 1915 p.
331 1831 395 1894 409
420 1852 460 1893 ex
483 1836 683 1909 „mostrum“‚
706 1835 925 1909 „monstrum“,
955 1832 1184 1908 „m6nestrum“
1208 1838 1313 1893 ortum

138 1958 208 1999 esse
231 1935 380 2000 ostendit.
420 1934 568 2000 Conferri
592 1937 687 2000 etiam
712 1936 789 2000 lieet
812 1935 1001 2000 vocabulum
1018 1937 1203 2021 quaestoris,
1225 1935 1314 2022 quod

138 2065 177 2106 ex
200 2044 391 2128 „quaesitor“
416 2052 518 2106 ortum
544 2042 678 2108 videtur.
723 2043 786 2106 His
815 2042 939 2128 legendi
968 2044 1048 2107 ratio
1071 2042 1228 2121 „fnestffl
1252 2045 1314 2107 rei-

138 2151 233 2228 citur,
265 2171 336 2213 oum
360 2173 396 2213 ea
419 2149 553 2235 probata
575 2150 718 2235 intellegi
741 2172 804 2213 non
828 2151 943 2235 possit,
973 2149 1131 2234 quomodo
1158 2148 1313 2229 ,destrae‘

137 2256 239 2320 forma
269 2265 338 2320 orta
370 2259 420 2320 sit.
465 2256 618 2320 Nonnulli
641 2258 702 2322 viri
725 2256 826 2334 doeti,
857 2256 1045 2320 Fleckeisen
1075 2257 1108 2319 in
1138 2255 1178 2319 N.
1201 2256 1314 2322 Jahrb.

137 2387 167 2429 v.
191 2363 255 2427 LX
285 2386 315 2448 p.
340 2367 419 2443 201,
452 2363 580 2428 Sehoell
611 2365 645 2426 in
674 2362 866 2427 editionibus
890 2362 962 2427 Cas.
991 2372 1023 2427 et
1045 2362 1142 2442 Rud„
1159 2362 1314 2442 ,destrae“

136 2470 270 2534 formam
298 2472 331 2534 in
362 2480 477 2556 poetae
501 2462 823 2556 verbareoeperunt,
852 2493 925 2534 eum
948 2469 1052 2534 Goetz
1082 2471 1114 2532 in
1138 2469 1207 2534 Mil
1232 2493 1262 2536 v.
1287 2493 1315 2536 e.

138 2585 171 2640 et
195 2576 443 2642 Gesta-Sohoell
466 2579 499 2641 in
523 2577 598 2642 edit.
621 2577 830 2657 ,denestram“
852 2579 1016 2641 retineant
1064 2575 1130 2642 Suo
1159 2578 1227 2640 iure
1250 2576 1315 2642 hoe

136 2682 268 2765 faciunt,
291 2707 372 2763 eum,
395 2708 452 2750 eur
474 2685 602 2748 codices
627 2707 689 2748 non
714 2707 896 2769 sequamur,
924 2684 1009 2748 nulla
1033 2686 1076 2748 sit
1099 2706 1207 2763 eausa,
1234 2683 1314 2749 dum

136 2813 290 2855 memores
323 2793 421 2854 simus
455 2814 508 2855 eos
539 2791 640 2854 multo
670 2800 745 2876 post
767 2791 914 2856 Plautum
947 2791 987 2856 ab
1012 2792 1089 2856 viris
1113 2790 1217 2855 doctis
1240 2813 1314 2857 esse

136 2900 282 2983 scriptos,
315 2900 371 2983 qui
393 2899 533 2984 ipsorum
557 2899 670 2962 aetatis
694 2898 920 2984 pronuntiandi
943 2907 976 2962 et
999 2898 1158 2963 scribendi
1180 2898 1315 2963 modum

136 3004 338 3069 adhibebant.

243 3111 319 3176 Vox
351 3111 527 3198 „Philippi“
560 3135 655 3198 saepe
693 3113 792 3177 altera
824 3121 968 3198 correpta
1000 3112 1117 3198 legitur
1148 3120 1244 3197 atque
1275 3113 1315 3178 id

135 3227 261 3303 praeter
284 3220 373 3284 Pers.
400 3241 428 3283 e.
455 3223 526 3284 339
557 3242 683 3305 semper
712 3219 770 3298 ibi,
803 3219 858 3284 ubi
888 3242 945 3305 pro
975 3242 1104 3283 nrunrno
1131 3228 1314 3304 usurpatur.

136 3325 321 3390 Invenimus
345 3334 450 3390 autem
474 3327 507 3389 in
531 3325 561 3390 h.
585 3350 615 3391 v.

243 3433 337 3497 Asiae.
364 3456 393 3498 v.
420 3436 481 3497 153
507 3432 674 3519 Philippis.

242 3541 358 3604 Iloeeh.
384 3563 413 3603 v.
439 3542 512 3619 230,
536 3544 599 3604 272
624 3539 826 3626 Philippum3
858 3563 888 3605 v.
913 3542 986 3618 590,
1017 3543 1091 3619 967,
1116 3542 1188 3616 969,
1214 3542 1313 3621 1926,

139 3648 222 3711 1950
247 3646 414 3732 Philippos
422 3670 430 3726 ;
456 3670 484 3710 v.
508 3650 582 3725 879,
607 3650 679 3724 934,
705 3650 789 3711 1183
814 3646 972 3733 Philippis
980 3671 989 3725 3
1012 3670 1042 3712 v.
1067 3650 1130 3712 868
1155 3646 1311 3734 Philippi.

247 3753 337 3818 (lure.
364 3777 393 3818 v.
417 3756 481 3817 440
507 3753 667 3839 Philippa.

242 3860 339 3923 Pasa.
371 3884 399 3925 v.
423 3862 502 3936 415,
535 3864 613 3938 558,
643 3862 721 3939 630,
753 3864 830 3939 771,
863 3863 946 3924 1363
972 3859 1154 3947 Philippos3
1188 3884 1218 3926 v.
1243 3865 1311 3926 598

136 3964 368 4052 Philippumst3
393 3991 422 4032 v.
448 3969 510 4031 168
534 3966 678 4051 Philippi
686 3991 694 4045 ;
719 3990 748 4031 v.
775 3971 836 4031 732
862 3966 1029 4052 Philippis

245 4075 333 4138 nto.
359 4097 389 4139 v.
414 4077 487 4152 955,
511 4077 585 4151 959,
611 4076 695 4138 1158
720 4073 915 4160 Philippum.
