2904 4710
725 277 741 336 7

147 472 230 534 enim
261 470 390 534 alterius
422 468 561 555 syllabae
585 468 728 534 vocalem
759 490 830 532 esse
860 468 1075 533 irrationalem
1106 476 1139 533 et
1167 470 1214 533 ita
1242 469 1321 534 nihil

147 578 297 656 valuisse,
330 585 367 640 ut
395 599 435 641 ne
467 576 549 641 duae
580 577 707 661 quidem
738 584 963 651 consonantes,
995 598 1075 660 quae
1106 585 1321 662 sequerentur,

147 707 214 749 eam
238 686 397 771 positione
420 683 546 768 longam
571 682 755 763 redderent;
779 705 855 747 sane
875 683 996 748 vocalis
1020 691 1153 747 accentu
1177 683 1231 747 vel
1253 685 1320 748 ictu

146 813 252 856 carere
276 790 380 855 debet.
426 789 481 855 Sic
504 790 647 876 intellegi
669 790 755 856 vult:
788 787 952 869 „dedisse“
975 789 1125 872 (confert2
1159 789 1242 869 dedi,
1266 789 1320 854 de-

147 898 234 977 disti,
257 897 392 977 dedisti),
418 897 563 977 „bibisti“
580 896 637 960 112
653 920 683 982 p.
697 900 758 962 647
766 922 774 977 ;
798 893 1049 976 „ministerium“,
1072 895 1319 982 „magistratus“,

147 1005 328 1084 „fenbstra“,
360 1007 582 1091 „peristroma“
612 1003 669 1067 112
691 1028 722 1090 p.
747 1007 810 1069 659
836 1026 882 1088 sq.
888 1028 897 1083 ;
929 999 1162 1083 „ferbnta1·ius“,
1189 1004 1320 1083 „sedin-

146 1114 270 1191 tarius“,
303 1135 435 1196 quorum
465 1111 691 1177 vocabulorum
721 1112 860 1176 litteram
883 1135 905 1174 n
934 1133 1034 1196 paene
1065 1112 1233 1176 evanuisse
1264 1109 1320 1173 112

147 1243 176 1304 p.
201 1222 263 1283 666
298 1219 394 1284 docet
401 1244 410 1300 3
448 1221 639 1299 ,,666661611“
673 1218 730 1281 11²
765 1242 794 1304 p.
824 1221 887 1283 662
924 1218 1109 1300 (secundum
1143 1218 1320 1304 analogiam

147 1325 295 1390 vocabuli
317 1333 464 1406 „sortus“,
494 1326 579 1412 quod
604 1349 621 1390 6
645 1331 842 1406 „surrectus“
865 1333 967 1389 ortum
992 1327 1050 1407 est)
1056 1350 1065 1405 ;
1095 1324 1320 1404 „simillimus“,

146 1433 332 1513 „sattellites‘
355 1435 513 1518 geminata
534 1433 546 1496 l
570 1456 633 1497 non
656 1433 844 1519 productam
868 1432 984 1497 habere
1013 1433 1142 1497 alteram
1166 1431 1320 1517 syllabam

146 1540 219 1603 inde
251 1539 394 1624 intellegi
427 1540 498 1604 vult
530 1539 586 1602 11²
620 1564 650 1625 p.
683 1543 760 1619 663,
795 1543 986 1618 892-906,
1020 1538 1106 1624 quod
1138 1540 1172 1602 in
1207 1537 1318 1602 eodem

147 1646 302 1711 vocabulo
334 1646 394 1725 „ll“
425 1654 459 1710 et
489 1646 535 1725 „l“
566 1648 744 1732 promiscue
779 1648 850 1710 usui
880 1646 1020 1711 1616661
1051 1670 1080 1732 p.
1105 1649 1168 1710 226
1200 1645 1319 1710 (166611.

146 1753 256 1818 Verba
286 1775 302 1817 6
331 1752 459 1818 Graeca
488 1753 595 1839 lingua
625 1761 751 1839 sumpta
780 1754 979 1833 „talentum“,
1011 1753 1226 1839 „Phllippus“,
1259 1753 1320 1816 alia

146 1860 310 1925 Graecum
327 1869 493 1925 accentum
523 1883 666 1925 servasse
697 1862 728 1924 ei
749 1859 908 1925 videntur.
954 1859 1094 1946 Singulis
1124 1860 1193 1924 fere
1223 1861 1320 1946 igitur

145 1968 309 2034 vocabulis
332 1968 424 2032 aliam
448 1966 674 2054 pronuntiandi
696 1966 799 2051 legem
822 1966 972 2032 vindicat

251 2062 459 2172 Muellert'
474 2094 670 2157 enumeravit
701 2093 734 2155 in
764 2091 859 2172 libre,
891 2093 947 2177 qui
977 2090 1211 2171 „Plautinische
1241 2091 1320 2155 Pro-

145 2200 252 2265 sodie“
273 2200 469 2280 inscribitur,
502 2198 599 2264 verba
629 2209 775 2287 correpta
805 2222 842 2264 ea
865 2198 1014 2264 dividens
1036 2201 1069 2262 in
1093 2197 1172 2263 duas
1195 2207 1317 2284 partes:

145 2331 276 2392 quorum
301 2307 400 2371 altera
423 2306 544 2393 syllaba
567 2308 724 2392 positione
749 2316 782 2370 et
804 2329 937 2392 quorum
960 2307 1059 2371 altera
1088 2306 1202 2370 natura
1223 2306 1320 2391 longa

146 2423 202 2477 est.
248 2413 303 2477 Ad
326 2436 420 2477 unam
444 2436 600 2497 quamque
623 2436 749 2490 vocem,
773 2413 849 2497 quid
871 2415 941 2498 ipse
965 2413 1005 2477 de
1029 2435 1067 2477 ea
1091 2415 1236 2492 sentiret,
1264 2412 1319 2476 ad-

145 2522 228 2584 iecit.
274 2520 314 2583 In
344 2520 410 2584 fine
441 2521 685 2585 enumerationis
714 2519 888 2583 confitetur
915 2518 1156 2598 vocabulorum,
1186 2542 1319 2604 quorum

145 2627 244 2692 altera
259 2635 370 2692 natura
385 2627 481 2712 longa
496 2636 554 2707 est,
577 2649 636 2713 pro
652 2634 739 2691 certo
755 2635 916 2712 correptas
940 2649 1003 2690 non
1020 2649 1089 2691 esse
1108 2628 1170 2690 nisi
1184 2626 1317 2692 formas:

144 2742 328 2815 „meorum“,
360 2741 544 2815 „mearum“,
580 2734 757 2814 „deorum“,
794 2733 943 2815 „diebus“
975 2735 1103 2799 similes.
1157 2733 1246 2811 Quid
1278 2733 1318 2799 de

145 2843 276 2928 singulis
300 2842 502 2907 contenderit
524 2851 635 2928 postca
661 2865 719 2906 suo
742 2842 814 2906 loco
837 2840 974 2906 afferam.

251 2967 372 3047 Brixa
403 2976 496 3055 putat
524 2990 587 3031 non
618 2967 721 3031 solum
751 2989 848 3033 voces
876 2975 989 3031 natura
1019 2966 1171 3031 iambicas
1194 2966 1319 3052 pyrrhi-

144 3074 259 3154 chium,
283 3077 338 3160 qui
361 3084 502 3154 vocatur,
526 3073 679 3153 effecisse,
703 3072 760 3138 sed
784 3075 880 3137 etiam
903 3096 983 3159 quae
1008 3073 1141 3137 elisione
1164 3072 1318 3138 iambicae

144 3182 248 3246 iactae
281 3184 353 3246 sint.
398 3182 481 3246 Tum
505 3181 556 3260 ad
585 3203 680 3246 voces
712 3182 808 3245 trium
838 3180 1039 3266 pluriumque
1065 3178 1255 3265 syllabarum
1284 3202 1318 3244 se

145 3298 334 3353 convertens
358 3289 522 3353 contendit
545 3291 628 3352 sicut
651 3286 807 3353 vocabula
829 3289 922 3351 unius
941 3286 1047 3353 brevis
1066 3285 1214 3373 syllabae,
1238 3309 1317 3371 quae

145 3418 216 3460 cum
234 3394 406 3473 vocabulis,
430 3418 510 3480 quae
534 3418 628 3460 uuam
652 3395 704 3461 vel
725 3396 803 3459 duas
829 3395 880 3460 vel
895 3394 1002 3480 plures
1019 3393 1155 3480 syllabas
1171 3392 1318 3474 habeant,

145 3525 276 3586 quorum
307 3503 409 3588 prima
438 3501 559 3588 syllaba
590 3503 693 3567 vocali
722 3503 855 3587 incipiat
882 3510 915 3565 et
943 3501 1039 3586 longa
1063 3502 1117 3579 sit,
1150 3501 1319 3565 coniuncta

144 3611 221 3687 sint,
253 3609 469 3695 pyrrhichium
502 3609 648 3673 efficiant
679 3609 733 3674 vel
764 3608 945 3695 pyrrhichio
978 3609 1144 3693 incipiant,
1182 3607 1319 3691 (confert

144 3716 230 3801 quod
253 3713 311 3798 est)
334 3718 380 3780 ita
401 3718 468 3781 ictu
491 3717 523 3780 in
547 3717 649 3802 prima
664 3715 786 3800 syllaba
801 3718 922 3802 posito:
946 3714 1172 3796 „simillumae“
1195 3724 1316 3780 ceteras

252 3949 271 4015 ¹)
298 3947 328 4002 O.
349 3947 380 4000 F.
400 3947 445 4000 W.
470 3946 626 4001 Mueller:
664 3947 691 4010 a)
717 3945 907 4000 Plautinische
933 3944 1071 4000 Prosodie.
1117 3946 1210 4000 Berlin
1239 3946 1315 4000 1869.

143 4037 171 4104 b)
191 4036 350 4106 Nachtriigc
368 4052 417 4089 zur
435 4035 527 4090 Plaut.
547 4035 686 4100 Prosodie‚
723 4035 816 4089 Berlin
838 4037 913 4089 1871.

252 4127 273 4193 2)
292 4127 319 4181 J.
339 4125 438 4179 Brix:
467 4125 629 4196 Einleitung
647 4142 711 4179 zum
729 4125 907 4179 Trinummus
926 4141 953 4194 p.
975 4126 1007 4177 12
1026 4142 1084 4195 sqq.
