2904 4710
696 227 739 288 94

132 420 212 485 facit
232 421 317 484 inter
339 419 499 485 scribendi
527 429 560 485 et
582 419 808 506 pronuntiandi
838 442 930 484 usum
960 428 1055 504 atque
1082 418 1118 483 id
1146 440 1205 483 suo
1229 419 1300 482 iure

133 526 216 592 Sane
248 527 385 591 Mueller
416 527 499 591 dixit
529 550 592 591 nou
627 529 690 590 nisi
722 530 947 613 imperatomm
979 535 1085 590 aetate
1116 525 1219 590 verba
1248 525 1301 589 tali

133 634 228 699 modo
265 644 303 698 ut
340 635 528 713 ,aunculus“
564 637 598 698 iu
635 634 895 720 inscriptionibus
933 635 1086 712 inveniri,
1122 632 1184 697 sed
1220 631 1301 719 apud

135 741 323 806 Ciceronem
344 741 479 826 legimus
502 743 535 804 in
557 741 623 806 div.
645 741 717 804 [ΙΙ
741 744 820 824 §84
843 743 1064 819 narrationem,
1085 762 1150 824 qua
1172 748 1302 825 apparet

133 850 196 912 iam
219 849 252 912 in
275 848 360 912 illius
382 851 495 912 aetatis
519 850 776 934 pronuntiatione
799 848 923 933 wlgari
943 848 1026 912 tales
1049 849 1211 933 syniceses
1235 848 1302 910 usui

134 954 250 1019 fuisse:
278 978 373 1033 „cave
396 978 436 1019 ne
459 963 530 1019 eas“
553 957 636 1019 enim
660 962 831 1034 „caunees“
854 955 993 1020 ualuisse
1015 953 1192 1018 contendit
1237 953 1302 1018 Nec

134 1061 250 1126 desunt
271 1061 334 1126 alia
355 1063 517 1148 exempla:
549 1062 592 1126 ct
614 1063 723 1126 navita
746 1102 788 1110 -
812 1072 917 1140 nauta,
948 1061 1084 1147 gavideo
1107 1101 1150 1108 —
1173 1060 1303 1146 gaudeo,

135 1167 349 1233 oblivisci-
373 1168 498 1246 oblisci‚
532 1169 623 1233 dives
648 1209 688 1216 —
719 1169 784 1247 dis,
817 1192 867 1232 res
897 1169 1007 1233 divina
1037 1208 1078 1215 —
1108 1190 1159 1232 res
1190 1167 1302 1248 dina1).

135 1274 219 1341 Saue
242 1275 412 1340 discrimen
435 1285 485 1340 est
506 1278 589 1340 inter
607 1278 722 1362 prioris
738 1278 987 1362 posteriorisque
1009 1277 1124 1340 aetatis
1143 1273 1302 1340 scribendi

135 1385 299 1462 rationem,
322 1383 381 1447 bac
400 1383 520 1448 formae
536 1386 621 1449 sicut
637 1383 920 1470 pronuntiabantur
941 1385 1095 1470 imprimis
1113 1381 1155 1446 ab
1171 1381 1302 1446 bomini-

135 1490 195 1555 bus
210 1489 387 1569 ineruditis,
409 1493 545 1576 scriptae
561 1500 643 1569 suut,
667 1493 762 1555 etiam
778 1499 969 1568 contractae,
989 1512 1062 1555 cum
1077 1489 1134 1556 illa
1148 1489 1302 1576 pleniores

112 1600 272 1685 -scriptae
295 1597 353 1662 sed
375 1607 537 1662 contracte
560 1600 782 1684 pronuntiatae
809 1600 881 1661 sint

243 1705 409 1769 catillattr
430 1707 462 1768 in
489 1707 580 1770 Truc.
610 1729 636 1770 r.
665 1709 736 1771 683
765 1705 877 1784 „dictu
905 1728 974 1769 sum
999 1704 1119 1769 ftcms:
1149 1706 1214 1768 ism
1237 1727 1303 1769 sum

135 1812 300 1876 cavillator
314 1811 449 1898 probus“
465 1835 483 1875 a
500 1811 669 1898 Spengelio
681 1837 710 1899 p.
719 1816 761 1877 94
780 1821 865 1877 recte
881 1812 1076 1877 intellectum
1092 1822 1171 1899 puto
1187 1811 1304 1891 dicenti

135 1918 176 1983 ab
199 1919 343 1996 ,bomine
366 1921 503 1984 rustico“
529 1920 704 1998 „caulator‘
731 1922 968 2006 pronuntiatum
996 1942 1075 1984 esse
1124 1918 1225 1996 Quod
1247 1920 1304 1984 nisi

136 2025 305 2112 probamus
328 2025 473 2104 facetiae,
495 2048 575 2110 quae
599 2029 666 2090 siue
690 2027 787 2092 dubio
809 2027 904 2091 Truc.
921 2051 950 2090 v.
965 2026 1040 2091 inde
1060 2026 1101 2092 ab
1117 2030 1182 2092 683
1207 2049 1304 2114 uspue

135 2133 177 2198 ad
201 2136 263 2198 687
288 2134 405 2211 insunt,
427 2133 582 2198 delentur.
626 2132 737 2198 Simile
761 2133 855 2198 modo
879 2133 999 2212 „avidi‘
1022 2135 1055 2197 in
1070 2133 1187 2197 Bacch.
1200 2136 1304 2199 cett

135 2242 229 2327 „quin
252 2249 287 2304 tu
310 2239 407 2303 audi?
444 2239 548 2304 Immo
571 2243 730 2326 ingenium
754 2241 840 2304 aridi
864 2240 949 2305 lmud
971 2263 1137 2326 pernoram
1152 2240 1306 2327 hospitis“

136 2356 171 2411 ut
193 2347 328 2412 facetiae
352 2347 489 2412 evadant
510 2348 619 2426 „audi“
642 2348 909 2434 pronuntiandum
929 2359 987 2412 est

241 2455 442 2557 „inventute‘
469 2455 602 2540 legimus
632 2457 665 2518 in
693 2457 789 2520 Most.
816 2478 845 2519 v.
873 2459 921 2519 30
947 2477 1028 2540 „quo
1051 2477 1144 2518 nemo
1168 2455 1307 2541 adaeque

135 2560 359 2645 inventura‘ex
375 2581 460 2643 omni
477 2581 612 2647 Attiea‘t
636 2581 734 2645 Poeu.
749 2602 778 2644 v.
793 2583 880 2644 1182
902 2588 939 2643 ut
961 2579 1089 2665 paulum
1104 2581 1230 2644 incerto
1245 2603 1307 2645 non

135 2711 192 2773 pro
204 2696 390 2773 argumento
401 2688 447 2751 uti
460 2709 530 2750 mea
541 2688 699 2750 sententia
711 2688 863 2772 optimum
877 2686 965 2750 factu
978 2696 1035 2750 est
1058 2686 1191 2771 Legitur
1202 2696 1308 2752 autem

135 2799 169 2859 in
180 2797 226 2859 A:
238 2818 297 2882 neq
311 2794 351 2859 ab
367 2796 497 2858 iuveutu
506 2794 555 2874 <te
564 2793 753 2877 inri)diculo
764 2793 889 2858 habitae
900 2792 985 2878 quod
997 2793 1051 2879 pol
1064 2816 1152 2857 soror
1161 2794 1311 2880 cetertis)

135 2902 323 2986 omn(ibu>s
355 2901 560 2984 factumst).
616 2902 731 2965 Pseud.
766 2924 795 2965 e.
824 2904 917 2965 202:
956 2900 1077 2978 „colere
1109 2902 1308 2966 iuventutem

135 3012 308 3074 'Atticam‘
332 3017 432 3073 sonat.
464 3006 600 3086 Ritschl,
628 3006 776 3085 Corssen,
800 3006 937 3094 Spengel
961 3009 1164 3072 consentiunt
1185 3009 1309 3088 ,iuntu-

136 3125 218 3182 tem“
253 3139 324 3181 osse
358 3113 582 3202 pronuntiandi
614 3114 751 3178 modum.
806 3114 943 3178 Mueller
965 3138 995 3200 p.
1019 3119 1097 3193 242,
1126 3115 1215 3200 quod
1236 3116 1310 3181 libri

136 3228 311 3304 „imeritus
333 3226 547 3288 iuventutem“
571 3221 751 3307 praebeant,
774 3221 834 3285 hoo
851 3243 913 3284 non
930 3221 1049 3307 probat
1088 3220 1218 3301 Iniuria,
1236 3245 1308 3288 nam

138 3333 276 3396 occurrit
290 3333 353 3394 iam
370 3329 541 3407 Prisciano,
564 3329 650 3414 quod
667 3330 792 3414 saepius
809 3329 915 3392 littera
938 3352 958 3392 u
974 3329 1127 3414 syllabam
1142 3352 1206 3393 non
1222 3330 1308 3409 fecit,

138 3439 271 3503 adnotat
293 3439 376 3502 euim
400 3460 429 3522 p.
454 3440 534 3501 546:
565 3436 669 3521 „apud
692 3436 823 3499 Latinos
847 3459 867 3499 u
890 3437 1051 3500 invenitur
1074 3458 1131 3521 pro
1153 3437 1254 3501 nihilo
1276 3439 1308 3501 in

137 3547 245 3609 metris
278 3568 317 3609 ex
350 3546 487 3607 maximo
520 3543 606 3629 apud
638 3544 905 3620 „vetustissimos
937 3545 1154 3607 comicorum“.
1211 3542 1308 3620 Quod

138 3652 274 3716 Mueller
290 3654 358 3737 ipse
375 3651 486 3715 affert:
512 3652 649 3728 „iunior‘
673 3651 835 3733 (iuvenior)
859 3650 929 3714 luce
945 3651 1059 3714 clarius
1075 3650 1154 3714 duas
1170 3651 1307 3738 syllabas

247 3832 264 3897 ¹)
285 3830 318 3883 In
338 3829 441 3884 Catulli
460 3828 628 3883 carminibus
647 3827 714 3880 mihi
733 3827 821 3880 simile
840 3828 959 3881 occurrit
978 3827 1144 3898 exemplum.
1177 3828 1212 3882 Iu
1231 3845 1254 3884 c.
1274 3829 1308 3884 40

137 3938 161 3973 v.
183 3923 195 3972 1
217 3919 289 3972 onim
308 3919 439 3989 legimus:
474 3934 626 3988 „quaenam
653 3923 680 3970 te
699 3917 773 3970 mala
792 3934 881 3983 mens,
908 3917 1012 3970 misello
1031 3917 1163 3984 Ravide“‚
1189 3917 1264 3988 quod
1282 3935 1306 3971 v.

139 4009 269 4076 „Rau‹le“
290 4008 462 4078 pronuntiari
482 4006 580 4060 debere
604 4008 658 4059 iam
678 4006 843 4060 Parthenius
870 4006 946 4060 vidit.
983 4007 1018 4060 cf.
1038 4006 1134 4060 Riesii:
1164 4007 1235 4075 „Die
1254 4008 1307 4064 Ge·

136 4099 229 4153 dichto
247 4098 295 4152 des
314 4097 467 4153 Catullost
506 4096 573 4166 Lpz.
595 4097 664 4152 1884
682 4097 718 4150 ad
736 4096 764 4150 h.
784 4115 808 4150 v.
829 4096 1044 4150 adnotationem.
