2904 4710
707 222 764 327 44'

142 458 309 546 „perinde“
323 457 472 534 habeant)
496 459 589 523 Truc.
601 482 631 523 v.
645 462 718 523 324.
763 457 868 524 Semel
884 461 1089 539 enuntiatum,
1113 460 1199 546 quod
1215 459 1316 528 Stich.

142 589 171 632 v.
195 570 259 632 520
283 566 477 630 simillimum
500 574 557 645 est,
580 567 741 631 invenitur
763 568 796 629 in
821 565 913 652 Capt
931 591 962 632 v.
979 571 1043 632 314
1066 569 1111 647 „is
1135 570 1182 632 uti
1205 577 1240 633 tu
1264 593 1316 633 me

140 672 302 753 habueris,
333 672 467 759 proinde
497 673 585 737 illum
615 673 695 737 illuc
722 675 904 739 curaverit“.
954 674 1047 752 Quae
1075 676 1103 739 si
1125 675 1218 740 nobis
1241 699 1315 740 oum

141 789 323 867 reputamus
357 789 442 845 certe
474 779 674 859 adducimur,
706 789 742 844 ut
771 803 843 845 oum
871 781 1027 846 Muellero
1057 781 1226 862 iaciamus,
1260 785 1315 868 qui

139 888 309 954 verisimile
332 888 413 952 dicit
434 889 465 952 in
490 886 601 952 codice
625 887 656 950 A
684 887 850 973 „proinde“
872 887 971 953 fuisse
1000 896 1033 952 et
1062 887 1189 953 Clarisii
1214 890 1316 955 verba

141 1018 246 1060 errore
270 995 375 1080 aliquo
400 994 583 1082 perturbata
606 1016 684 1058 esse.

248 1101 363 1188 sagitta
383 1104 417 1165 in
440 1103 518 1167 aar.
543 1124 573 1166 3.
601 1105 672 1166 395
678 1127 689 1165 .·
718 1100 846 1187 confige
870 1103 994 1188 sagittis
1018 1102 1105 1167 fures
1128 1103 1316 1169 thensaura-

139 1211 223 1274 rios“
244 1209 385 1273 nonnulli
403 1210 463 1273 viri
479 1207 566 1272 docti
589 1208 662 1273 ideo
678 1208 822 1294 probant,
844 1208 930 1294 quod
946 1209 1052 1274 Plauti
1067 1219 1171 1275 aetate
1186 1210 1315 1276 litterae

139 1319 317 1402 geminatae
345 1316 483 1380 nondum
514 1318 585 1380 usui
608 1316 727 1380 fuerint
755 1324 787 1380 et
815 1318 940 1401 saepius
970 1319 1003 1380 in
1026 1316 1115 1381 libris
1138 1319 1279 1404 „sagita“
1302 1328 1317 1383 t

139 1448 202 1489 non
217 1427 377 1511 geminato
392 1424 523 1510 legatur.
548 1423 669 1488 Contra
684 1445 738 1488 eos
755 1423 892 1487 Mueller
906 1423 1122 1510 ,1933363383α
1138 1449 1167 1511 p.
1180 1428 1313 1492 35-37

139 1532 250 1598 docuit
278 1532 401 1596 litteras
434 1553 497 1596 non
528 1533 701 1618 geminatas
735 1532 919 1616 saepissime
951 1532 1100 1610 inveniri,
1132 1555 1314 1618 quanquam

40 1727 42 1731 Ι
138 1640 233 1726 longa
255 1639 375 1726 syllaba
398 1639 461 1725 legi
484 1638 600 1703 debeat
605 1663 613 1718 ;
638 1638 678 1703 cf.
695 1640 789 1702 etiam
807 1638 955 1702 Muelleri
977 1639 996 1702 l.
1013 1638 1060 1702 Pl.
1076 1638 1127 1703 Pr.
1143 1663 1174 1725 p.
1190 1644 1256 1705 254
1268 1664 1314 1727 sq.

140 1748 233 1812 Licet
256 1746 388 1811 Plautus
411 1747 533 1815 litteras
556 1747 731 1832 geminatas
755 1768 818 1810 non
843 1747 1014 1831 scripserit,
1037 1755 1142 1811 tamen
1166 1747 1315 1833 syllabae,

139 1877 218 1940 quae
241 1863 353 1940 postea
376 1862 568 1920 consonante
585 1852 755 1938 dupliciter
771 1854 890 1938 scripta
905 1855 1062 1938 positione
1085 1853 1198 1940 longae
1214 1864 1314 1935 erant,

139 1984 210 2027 cum
227 1962 334 2026 littera
345 1960 480 2046 simplex
497 1962 613 2024 maiore
629 1961 662 2024 vi
678 1961 942 2046 pronuntiaretur,
957 1960 1067 2047 longas
1080 1961 1315 2047 pronuntiabat

139 2069 237 2132 Klotz
252 2071 285 2132 in
301 2068 320 2132 l.
337 2091 363 2132 c.
380 2092 409 2154 p.
428 2073 467 2133 87
481 2090 526 2152 sq.
550 2069 680 2130 minima
702 2069 877 2131 mutatione
902 2068 1025 2132 litterae
1049 2066 1080 2132 G
1096 2071 1129 2132 in
1146 2067 1174 2133 C
1190 2073 1221 2155 (g
1235 2071 1270 2132 in
1283 2073 1313 2152 c)

138 2199 266 2243 versum
289 2177 414 2240 sanavit
441 2174 595 2239 scribens:
623 2157 766 2254 „coniicit
794 2176 947 2260 sagittis‘t
993 2173 1102 2240 Simile
1130 2176 1314 2262 exemplum

138 2284 234 2348 affert
261 2282 377 2348 Pseud.
401 2306 430 2347 v.
454 2285 535 2346 464:
566 2282 719 2359 conficiet
748 2283 810 2345 itm
840 2291 873 2345 te
902 2281 954 2346 hic
984 2281 1113 2346 verbis‘t
1159 2281 1314 2348 Ceterum

138 2391 275 2456 Bothius
297 2391 328 2455 h.
344 2415 373 2456 v.
397 2412 469 2454 cum
493 2413 522 2454 v.
539 2391 603 2454 396
627 2388 668 2453 ad
692 2412 722 2454 v.
738 2392 804 2453 394
826 2391 1092 2475 pe1tineatrecte
1114 2393 1315 2477 transposuit

138 2501 192 2578 ita,
216 2508 251 2562 ut
274 2506 459 2583 sequantur:
485 2521 514 2562 v.
539 2499 613 2575 394,
638 2499 710 2576 396,
735 2499 809 2575 395,
833 2499 906 2561 397.

249 2607 337 2670 Tria
356 2628 385 2669 c.
407 2607 492 2668 725:
517 2612 660 2688 „egomet
678 2612 781 2667 autem
799 2625 912 2688 quome
929 2603 1090 2689 extemplo
1107 2603 1156 2685 (B)
1181 2626 1244 2689 quo
1259 2627 1313 2670 me

138 2711 284 2798 exemplo
301 2712 417 2793 (ceteri)
442 2733 547 2774 arcum
572 2709 649 2773 mihi
672 2719 705 2774 et
720 2709 898 2796 pharetram
922 2719 954 2774 et
971 2712 1102 2796 sagittas
1119 2719 1313 2798 sumpssr0“,

138 2841 209 2884 cum
238 2841 350 2883 versus
381 2839 496 2881 novem
527 2816 642 2902 pedum
673 2818 756 2881 inter
785 2815 885 2881 troch.
910 2825 990 2903 sept
1020 2819 1153 2882 exsistat
1179 2841 1313 2884 necesse

137 2949 207 2991 esse
231 2927 333 2989 sanari
357 2946 449 2989 nemo
472 2933 574 3010 negat.
621 2922 748 3003 Gruter,
771 2924 858 3001 Reiz,
879 2923 994 3010 Bergk,
1015 2924 1212 3005 Fleckeisen,
1230 2925 1313 2990 Brix

136 3043 192 3097 aut
214 3042 264 3113 „et
280 3032 476 3119 pharetram“
498 3039 553 3095 aut
571 3040 622 3109 „et
637 3033 787 3116 sagittas“
810 3030 1055 3116 dittographiam
1073 3054 1167 3117 quam
1182 3042 1312 3113 vocant,

136 3164 205 3206 esse
229 3138 437 3218 contendunt;
461 3137 518 3202 sed
541 3160 613 3202 cum
632 3137 745 3223 figura,
768 3161 862 3223 quarn
881 3139 1125 3223 ἀπροσδόκητον
1148 3160 1311 3218 vocamus,

136 3272 173 3313 eo
197 3247 369 3334 perfectior
392 3248 441 3325 sit,
465 3268 526 3331 quo
550 3246 697 3309 maiorem
722 3267 828 3309 curam
851 3243 1007 3309 Stasimus
1030 3247 1064 3309 in
1087 3245 1310 3311 enumerandis

135 3365 310 3422 armaturae
333 3353 475 3440 partibus
499 3352 638 3432 adhibet,
663 3376 725 3416 non
748 3375 821 3417 cum
845 3354 891 3416 eis
915 3351 1015 3431 facio;
1038 3352 1079 3416 oi.
1103 3354 1197 3417 etiam
1222 3352 1310 3438 qnod

135 3463 271 3528 Mueller
286 3486 316 3548 p.
329 3465 393 3526 254
413 3459 587 3525 adnotavit.
623 3459 814 3524 Coniunctio
831 3465 970 3538 ‚,autem“
985 3460 1091 3544 potius
1107 3458 1244 3524 delenda
1259 3469 1310 3525 est

137 3579 195 3647 (ut
216 3572 249 3634 in
272 3592 302 3632 v.
327 3571 400 3647 693,
424 3570 488 3632 694
511 3567 552 3632 ab
575 3567 721 3632 omnibus
746 3565 920 3631 editoribus
944 3565 1099 3650 deletur),
1123 3565 1209 3651 quod
1232 3589 1309 3631 oon-

134 3679 263 3743 trarium
288 3677 445 3761 positione
466 3674 554 3740 verbi
577 3681 736 3760 „egomet“
760 3676 792 3736 in
816 3674 907 3737 initio
924 3695 1034 3738 versus
1059 3675 1135 3737 satis
1159 3675 1308 3759 exprimi-

133 3812 199 3882 tur3
222 3810 289 3865 tum
308 3799 460 3923 habemus
483 3799 513 3863 h.
529 3823 572 3864 v.:
597 3804 738 3885 „egomet
761 3779 1155 3886 quom'extemplo'drcum
1178 3765 1307 3865 mihfet

135 3928 318 4015 pharetram
343 3935 375 3991 et
398 3929 531 4011 sagittas
555 3928 742 4010 sumpsero‘t
794 3924 860 4002 Qui
883 3948 1008 4004 versus,
1035 3927 1063 3990 si
1090 3924 1150 3990 tibi
1175 3935 1309 4012 propter

136 4035 295 4121 dactylum
320 4035 352 4097 in
376 4041 486 4118 quarto
517 4031 598 4117 pede
622 4033 774 4116 positum,
805 4055 983 4117 quanquam
1014 4034 1108 4096 otiam
1132 4032 1201 4097 aliis
1224 4033 1306 4097 locis

135 4142 221 4230 apud
244 4141 391 4207 Plautum
418 4140 579 4206 invenitur
606 4137 647 4203 cf.
670 4137 823 4204 Skutsch:
854 4149 911 4204 sat.
935 4139 1045 4205 Viadr.
1068 4161 1098 4225 p.
1122 4142 1174 4219 29,
1200 4141 1306 4205 minus
