2904 4710
701 259 743 323 98

139 455 302 518 sententia.
337 453 443 518 Etiam
460 475 497 517 ea
512 452 552 517 de
568 475 663 519 causa
678 453 756 518 mihi
770 453 831 518 hoc
847 451 979 519 verbnm
995 450 1205 538 improbatur,
1229 451 1317 536 quod

138 562 341 646 ,sagittatus‘
362 560 542 646 germanice
564 560 741 646 significat:
764 562 840 640 „mit
863 561 965 624 einem
982 559 1085 624 Pfeile
1108 559 1317 626 verwundet‘

137 689 202 730 non
225 668 300 747 „wie
317 669 367 731 ein
384 666 468 730 Pleil
483 666 727 752 geschleudert“‚
750 669 846 753 igitur
868 666 909 731 ad
932 668 1020 730 savia
1037 674 1168 752 propter
1187 675 1317 730 senten·

137 776 215 839 tiam
243 776 370 839 omnino
394 775 512 859 apponi
534 797 597 838 non
621 784 735 861 potest
780 773 937 859 Equidem
962 782 1040 859 puto
1056 795 1127 838 esse
1149 773 1194 838 ab
1216 775 1317 837 inter-

138 890 229 968 prete
252 880 293 945 ad
315 882 496 967 „perculsus
520 883 588 946 sive
611 889 816 968 „percussus“
839 881 1042 966 adscriptum.

246 989 342 1054 Pom.
368 1011 398 1053 a.
420 992 512 1070 1177,
536 993 621 1055 1178
645 991 678 1053 in
700 989 789 1053 libris
814 990 1027 1074 corruptiores
1051 996 1134 1067 sunt,
1157 1010 1254 1073 quam
1280 999 1316 1052 ut

140 1096 185 1159 eis
209 1097 255 1158 uti
279 1097 436 1181 possimus
467 1095 509 1160 ad
536 1095 815 1163 demonstrandum
842 1096 1110 1175 „venustissuma“
1138 1103 1172 1158 et
1195 1117 1316 1175 „venu-

142 1209 275 1266 statnm“
300 1225 370 1267 esse
394 1212 546 1288 correpta.

248 1310 348 1375 Stich.
374 1332 404 1375 a.
434 1313 506 1375 532
533 1310 686 1395 praebent
713 1310 786 1375 libri
814 1318 939 1396 praeter
961 1311 1012 1374 A:
1042 1313 1184 1387 „nosmet
1206 1310 1313 1394 potius

139 1421 303 1481 oneremus
326 1423 448 1480 nosmet
464 1418 636 1482 vicissatim
652 1417 890 1504 voluptatibus“
912 1419 944 1480 A
959 1414 1070 1480 babet:
1093 1437 1170 1495 „nos
1186 1417 1313 1502 potius“

140 1530 214 1589 cett
260 1521 324 1589 Sed
347 1523 479 1588 alterurn
503 1532 661 1602 „nosmet“
689 1548 751 1589 non
780 1523 921 1609 quadrat
973 1523 1079 1587 Antea
1103 1524 1187 1588 enim
1212 1522 1313 1609 Epig-

138 1652 251 1694 nomus
281 1632 507 1715 interrogavit:
546 1631 682 1697 hodiene
713 1653 918 1696 exoneremus
948 1653 1078 1708 navem,
1107 1629 1230 1695 frater?
1259 1631 1312 1695 cui

140 1737 380 1824 Pamphilippus
395 1738 575 1824 respondit:
600 1739 781 1805 Clementer
794 1739 885 1804 volo:
901 1761 977 1819 „uns
994 1737 1094 1802 selbst
1108 1737 1222 1804 wollen
1238 1740 1313 1805 wir‘

139 1854 213 1909 cett
266 1844 425 1932 Opposita
454 1868 528 1931 ergo
558 1857 647 1911 sunt:
680 1870 794 1911 navem
811 1895 842 1911 ..
865 1855 1002 1922 nosmet,
1031 1866 1313 1910 exoneremus...

140 1974 314 2015 oneremus,
366 1952 523 2032 Verbum,
553 1953 639 2038 quod
669 1977 824 2018 summum
852 1954 940 2020 valet
969 1961 1127 2032 „nosmet‘
1156 1953 1190 2015 in
1222 1953 1313 2016 initio

140 2080 209 2123 esse
214 2083 223 2138 3
240 2059 337 2124 debet
352 2059 495 2124 subiecto
508 2070 621 2140 autem,
638 2061 724 2146 quod
740 2069 789 2127 est
803 2069 906 2140 ,‚n0s“,
921 2061 1017 2126 facile
1033 2081 1185 2124 caremus.
1214 2059 1314 2144 Equi-

139 2166 210 2231 dem
228 2188 302 2251 ergo
317 2166 402 2252 lego:
419 2171 560 2246 „nosmet
575 2170 681 2254 potius
698 2172 863 2233 oneremus
877 2170 1053 2232 vicissatim
1067 2167 1314 2252 voluptttibus‘t

138 2272 219 2337 Tum
244 2273 338 2337 etiam
362 2273 529 2352 chiasmuS,
552 2277 606 2360 qui
630 2285 776 2355 vocatur,
800 2277 984 2361 aptissimus
1006 2274 1314 2359 legitnrtexonere·

139 2402 208 2443 mus
232 2402 346 2445 navem
370 2421 407 2427 —
435 2391 559 2446 nosmet
581 2404 756 2447 oneremus.

246 2487 473 2552 Cavillttiones
497 2490 530 2551 in
560 2490 660 2555 Stich.
687 2511 716 2554 n.
745 2493 817 2554 226
841 2498 874 2552 et
903 2490 994 2553 limo.
1020 2511 1050 2552 a.
1080 2491 1151 2553 085
1178 2487 1315 2567 „caullat-

140 2595 262 2657 tiones“
285 2597 428 2658 sonuisse
452 2605 545 2660 antea
568 2596 702 2661 ostendi.
871 2637 873 2642 ·

246 2699 285 2764 In
308 2702 426 2786 Amph.
452 2725 481 2767 0.
507 2706 581 2767 154.
613 2704 703 2788 capt.
730 2727 759 2768 a.
785 2706 850 2767 104
873 2702 925 2783 (ef.
949 2700 1086 2765 Mueller
1108 2724 1137 2786 p.
1159 2703 1189 2780 5)
1218 2701 1311 2765 Ome.

143 2829 172 2871 a.
195 2812 249 2889 38,
274 2809 361 2872 Most
375 2831 404 2873 a.
423 2813 491 2873 150
512 2811 722 2889 „iuventatis
746 2833 808 2874 vox
831 2808 921 2874 brevi
944 2809 1042 2872 altera
1065 2807 1180 2893 legitur
1203 2828 1315 2871 secun·

140 2913 214 2977 dum
231 2914 379 2978 Muelleri
403 2918 607 2995 sententiam3
632 2917 778 3002 equidem
802 2941 831 3002 p.
846 2920 886 2982 95
912 2917 1079 2994 „iuntutis“
1103 2913 1164 2978 boc
1181 2901 1328 2978 verbum'

140 3024 374 3106 pronuntiatum
404 3046 473 3087 csse
502 3024 660 3088 contendi.
713 3024 862 3089 Ceterum
887 3023 978 3109 Capt
1003 3046 1032 3086 v.
1058 3025 1120 3086 104
1145 3021 1311 3085 Plautinus

140 3151 202 3192 non
218 3138 280 3194 cst:
297 3129 440 3215 Langen:
457 3130 554 3194 Bcitr.
571 3155 600 3216 p.
614 3135 675 3196 207
689 3155 755 3218 sqq.
771 3132 819 3195 Pl.
833 3130 878 3195 St.
891 3155 920 3217 p.
932 3134 994 3195 271
1012 3151 1124 3194 versus
1137 3131 1309 3194 103-107

140 3235 315 3300 rationibus
339 3239 534 3322 gravissimis
559 3238 688 3303 delevit.

247 3343 382 3408 Restant
405 3367 487 3408 nunc
511 3367 591 3429 quae
607 3346 763 3410 vocabula
786 3355 930 3432 correpta
953 3343 1167 3409 concedimus
1205 3342 1311 3407 Voca-

140 3449 215 3514 bulo
248 3451 501 3529 „AlexAndrum“
532 3453 564 3514 in
598 3454 694 3518 Most.
728 3476 756 3518 v.
794 3458 861 3518 775
890 3450 1130 3531 „Alexandrum
1164 3471 1310 3535 magnum

140 3566 234 3642 atquo
259 3558 469 3643 Agathoclem
492 3561 580 3623 aiunt
602 3562 772 3624 maximos“
797 3584 858 3624 non
883 3559 1032 3623 offendor
1055 3557 1097 3622 cf.
1113 3581 1143 3643 p.
1157 3559 1198 3622 96
1222 3578 1311 3643 prae-

141 3667 248 3728 sertim
273 3689 344 3730 cum
367 3667 400 3728 in
424 3667 525 3750 primo
549 3667 630 3752 pede
655 3677 768 3732 exstet.

247 3768 286 3835 In
313 3774 402 3837 Prin.
429 3795 458 3837 a.
485 3778 556 3837 450
586 3776 688 3859 primo
711 3775 792 3860 pede
817 3782 935 3838 exstat:
960 3772 1200 3853 „ierenttrium“
1224 3779 1257 3835 et
1279 3771 1311 3833 in

141 3881 218 3944 Aul.
248 3903 274 3944 r.
304 3884 368 3944 513
391 3881 492 3964 primo
517 3881 597 3965 pede
621 3882 835 3960 ‚,sedcntt1ii“.

248 3989 364 4052 Pseud.
393 4008 419 4050 r.
439 3991 525 4050 1321
548 3989 678 4073 praebet
693 3990 724 4052 A
742 3992 800 4054 sic:
825 3989 918 4075 „qnid
941 3988 1002 4051 hoc
1023 3986 1153 4051 auferen
1170 3984 1313 4049 Pseudo-

141 4094 205 4157 lum
230 4094 306 4158 mihi
330 4094 386 4158 abs
410 4103 465 4157 tuo
489 4117 541 4158 oro
570 4106 603 4172 ὲ,
631 4097 838 4166 lnbetissumo
866 4096 961 4161 corde
992 4104 1086 4180 atque
1109 4094 1240 4170 animo“,
1267 4092 1311 4156 B:
