2904 4710
705 272 748 335 40

247 464 345 529 Poen.
371 486 400 528 c.
430 468 499 528 907
526 463 652 568 codices
681 474 714 530 et
740 465 865 530 Nonius
888 464 1056 553 praebent:
1087 466 1251 565 „profecto
1275 469 1320 533 ad

140 589 256 651 lucitas
279 588 423 652 lenonem
446 589 570 675 rediget
591 570 695 655 si‘eas
718 590 911 656 abduxerit‘.

247 696 345 760 Poen.
371 719 400 761 a.
426 700 533 761 1349:
557 721 663 777 „meae
687 698 817 784 quidem
840 697 986 784 prolecto
1010 720 1072 761 uon
1097 706 1179 763 sunt.
1225 700 1319 764 Leno

139 803 173 864 in
194 803 245 866 ius
269 809 339 866 eas“
362 825 434 867 cum
450 805 607 869 Muellero
631 828 715 870 nunc
737 806 867 891 legitur:
891 827 997 884 „meae
1016 805 1147 891 quidem
1170 806 1319 892 proiecto

140 928 202 972 nou
227 918 302 972 suut
325 918 417 974 cett“.

246 1018 362 1082 Pseud.
388 1040 417 1083 c.
446 1021 511 1088 201
520 1044 531 1082 .·
557 1019 608 1098 „id
631 1018 691 1083 tibi
713 1019 860 1105 profecto
882 1026 992 1082 taurus
1014 1019 1082 1084 fiet.
1120 1019 1225 1084 Nimis
1250 1043 1319 1085 ser-

139 1146 232 1187 mone
255 1124 348 1188 huius
370 1127 418 1189 ira
439 1120 594 1189 inundor‘
626 1126 725 1190 Klotz
747 1126 882 1191 iambioe
905 1128 1044 1204 metitur,
1071 1149 1143 1190 cum
1167 1136 1200 1191 et
1220 1108 1319 1193 antea

140 1238 172 1294 et
194 1240 307 1316 postea
328 1231 508 1296 trochaiccs
533 1255 644 1297 versus
672 1234 827 1319 legamina,
857 1233 943 1319 quod
973 1232 1103 1298 verbum
1133 1233 1318 1321 „profecto“

138 1339 172 1401 in
194 1338 224 1402 h.
247 1362 277 1404 v.
300 1361 363 1402 non
392 1338 528 1423 quadrat
556 1339 602 1404 ad·
620 1340 737 1426 legem,
765 1363 858 1426 quam
882 1363 911 1427 p.
936 1343 977 1405 86
1001 1343 1047 1403 ita
1070 1343 1194 1412 statuit:
1232 1341 1318 1420 „Die
1375 1416 1378 1422 ³

138 1443 241 1530 Frage
272 1445 313 1510 ob
345 1447 396 1509 ein
423 1454 493 1510 'erst
523 1446 623 1512 durch
655 1448 777 1511 Elision
806 1446 962 1532 jambisoh
988 1447 1192 1532 gewordenes
1221 1447 1320 1513 Wort

26 1629 29 1633 .
138 1552 307 1616 metrische
331 1553 635 1640 Positionskrirzung
659 1554 800 1619 erleiden
822 1553 917 1632 kann,
944 1553 1017 1618 sind
1039 1556 1097 1619 -wir
1118 1577 1157 1617 zu
1180 1553 1318 1640 bejahen

137 1661 292 1744 geneigt.“
338 1660 475 1740 Ritschl,
503 1661 589 1746 quod
613 1664 800 1747 saepissime
828 1661 913 1748 apud
937 1660 1085 1725 Plautum
1113 1660 1187 1725 fieri
1208 1660 1318 1742 debet,

139 1765 237 1831 verba
257 1775 466 1853 transponens
491 1792 520 1833 v.
544 1771 681 1833 sanavit:
705 1767 783 1847 „tibi
806 1768 951 1854 profecto
974 1768 1025 1832 id“
1041 1817 1048 1831 .
1065 1817 1096 1831 ..
1205 1768 1212 1775 ’

246 1873 343 1938 Klotz
367 1875 436 1938 Mil.
460 1898 489 1939 v.
514 1878 577 1940 290
603 1883 636 1939 et
660 1875 776 1939 Pseud.
801 1899 830 1940 v.
847 1875 947 1961 rosso
972 1874 1124 1939 mutando
1147 1875 1188 1940 ad
1211 1874 1318 1961 legem

137 2003 212 2044 ase
240 1983 435 2066 propositam
465 1982 694 2047 accomodavit.
740 1983 779 2045 In
810 1983 866 2045 illo
889 1981 954 2068 legi
978 1982 1063 2046 vult:
1094 1982 1257 2067 „profecto
1279 1982 1318 2046 id

137 2087 224 2153 vidr‘
241 2090 273 2151 in
293 2088 363 2167 hoc,
387 2110 480 2173 quem
496 2088 623 2153 codices
639 2091 686 2153 sic
703 2089 872 2175 praebent:
897 2089 1034 2168 „Manta
1052 2089 1185 2153 Omitte.
1201 2089 1318 2168 Ballio,

136 2194 219 2259 audi.
255 2193 378 2259 Surdus
395 2218 474 2259 sum.
498 2195 648 2260 Proiecto
664 2196 883 2282 inanilogiste“
899 2202 1004 2275 „sum“
1027 2198 1159 2261 omisso:
1182 2196 1317 2276 „Balli0,

136 2301 219 2380 audi,
243 2301 386 2366 surdu's'.
426 2302 579 2381 Proiecqo
602 2303 849 2389 inanilogistae“.

243 2409 337 2474 Trost
372 2418 495 2474 restant
525 2433 636 2475 versus
669 2413 723 2496 qui
756 2410 889 2476 verbum
919 2410 1100 2496 „profecto“
1132 2419 1317 2495 correptum

136 2516 298 2603 praebent,
321 2539 424 2601 neque
446 2517 512 2580 leni
535 2519 711 2581 mutatione
735 2519 839 2581 sanari
861 2523 1016 2603 lpossunt:
1040 2517 1110 2581 Mil.
1134 2540 1164 2582 v.
1191 2516 1317 2598 18511),

135 2623 232 2687 Poen.
249 2647 278 2688 v.
296 2626 376 2703 9073
400 2624 471 2686 Mil.
487 2648 518 2689 v.
535 2626 615 2704 290;
638 2626 672 2688 in
688 2624 737 2687 his
754 2623 900 2688 versibus
917 2626 1051 2710 primum
1069 2624 1176 2688 efficit
1190 2623 1317 2710 pedem.

136 2730 208 2794 Hos
233 2754 263 2794 v.
279 2729 414 2816 probare
438 2733 482 2818 ita
505 2753 684 2816 possumus,
708 2733 735 2794 si
759 2754 832 2795 cum
855 2730 1026 2816 Spengelio
1041 2755 1072 2817 p.
1091 2734 1152 2796 107
1166 2753 1234 2816 sqq.
1250 2732 1269 2794 l.
1285 2753 1317 2795 c.

135 2839 271 2922 primum
295 2838 409 2922 pedem
433 2860 503 2902 esse
531 2837 711 2902 liberiorem
740 2838 894 2902 ducimus
941 2837 1099 2916 Ceterum,
1127 2860 1197 2902 oum
1222 2860 1317 2922 „pro-

135 2944 240 3008 fect0“
263 2947 383 3009 centies
408 2946 507 3008 vicies
532 2947 699 3030 quinquies
723 2946 822 3010 altera
846 2967 909 3009 non
933 2953 1079 3031 correpta
1102 2945 1237 3030 legatur,
1261 2967 1317 3009 res

136 3054 214 3116 satis
237 3054 358 3116 incerta
382 3061 439 3116 est.

243 3168 371 3223 senecta
386 3161 418 3222 iu
439 3160 508 3224 Cas
523 3182 553 3224 o.
570 3162 657 3224 240:
683 3165 827 3238 „senecta
849 3168 952 3223 aetate
977 3168 1118 3244 unguent
1127 3159 1206 3243 (is)
1222 3156 1318 3244 (us)

134 3268 257 3352 (atus)
272 3289 329 3352 per
346 3269 413 3331 vias
429 3268 543 3352 ignave
562 3267 729 3352 (perlitum
749 3267 790 3351 Z)
804 3267 953 3330 incedis“.
986 3265 1128 3331 Verbum
1145 3264 1317 3351 „perlitus“

135 3373 257 3438 scribae
274 3373 437 3437 adnotatio
453 3372 495 3437 ad
510 3380 793 3460 „unguent„at“us“
809 3373 945 3451 videtur,
965 3373 1050 3458 quod
1067 3372 1199 3438 verbum
1215 3373 1313 3438 etiam

134 3482 167 3543 in
191 3480 285 3544 Truc.
309 3503 339 3545 v.
363 3483 427 3544 288
459 3489 573 3544 exstat.
618 3481 724 3545 Etiam
755 3480 815 3545 hoc
845 3480 977 3546 verbum
1008 3482 1040 3543 in
1069 3481 1171 3566 primo
1198 3501 1314 3546 versus

134 3586 227 3672 pede,
250 3589 304 3672 qui
328 3586 457 3651 liberior
480 3597 538 3668 est,
560 3588 684 3674 legitur.

241 3693 376 3779 agundis
400 3695 573 3759 secundum
598 3695 629 3757 A
653 3695 787 3780 legimus
810 3695 860 3758 in:

242 3802 504 3867 Poen.o.1189:
528 3801 640 3882 „rebus
656 3803 736 3865 meis
752 3800 885 3886 agundis
902 3809 935 3865 et
950 3799 1063 3885 quibus
1079 3823 1177 3865 anuos
1193 3799 1314 3865 multos

134 3909 221 3972 carui
250 3930 359 3992 quasq.
382 3911 503 3994 patria“
533 3931 605 3972 oum
630 3907 658 3970 B
686 3907 849 3994 praebeat:
881 3906 1008 3985 „mebus
1037 3907 1251 3993 misigaindis“
1280 3918 1316 3972 et
1353 3981 1358 3986 ,

135 4014 263 4079 CDFZ:
292 4014 404 4094 „rebus
433 4016 492 4077 mis
521 4014 681 4100 agur1dis“.
726 4014 865 4077 Mueller
887 4015 907 4078 l.
931 4037 957 4078 c.
980 4038 1010 4099 p.
1035 4017 1097 4078 231
1124 4023 1215 4100 putat
1237 4013 1313 4079 fieri

134 4144 243 4207 posse,
267 4125 358 4185 utin
383 4120 529 4186 versibus
552 4122 762 4206 anapaesticis
786 4121 846 4184 hoc
871 4121 1002 4186 verbum
1026 4123 1221 4208 corripiatur,
1252 4121 1314 4187 sed
