2904 4710
727 265 790 330 102

172 445 320 528 comitem
337 461 476 528 dfixer6“
490 462 557 528 vel:
577 460 783 549 „pudicititm
799 459 877 524 mihi
893 461 1041 525 comitem
1056 480 1180 525 mecum
1196 441 1350 524 duxero“.

173 569 284 649 GoetZ,
306 570 438 637 Loewe:
462 569 573 649 „iubeo
597 577 722 656 egomet
744 570 893 633 comitem
911 567 990 632 mihi
1004 567 1193 654 pudicitiam
1217 565 1350 630 aufer0“

171 677 234 763 legi
256 677 383 756 volunt,
413 676 470 742 sed
494 676 568 762 quid
592 675 739 756 „auler0“
770 675 833 741 sibi
862 675 943 740 velit
968 697 1032 738 non
1054 674 1215 760 intellego,
1260 673 1347 737 Leo:

171 784 318 864 ,‚adsero“
333 806 391 871 pro
407 782 562 864 ,‚duxero“
578 785 715 869 scripsit
753 782 944 868 Quanquam
963 805 1020 868 pro
1043 790 1131 847 certo
1155 781 1258 845 sanari
1281 802 1347 844 non

171 900 278 977 potest
300 891 330 954 h.
347 915 377 957 v.
393 900 499 956 tamen
521 890 694 956 verisimile
717 913 780 954 non
804 898 853 955 est
874 889 1048 977 pudicitiae
1071 910 1192 968 vocem,
1215 910 1289 952 cum
1312 889 1347 950 in

171 998 415 1085 Amphitruonis
435 998 544 1064 fabula
568 999 751 1085 saepissime
775 997 937 1084 „pudieus
959 996 1149 1083 impudicus,
1173 994 1347 1081 pudicitia“

171 1106 270 1170 altera
292 1106 386 1192 longa
408 1105 561 1192 legantur,
583 1107 616 1168 in
639 1105 701 1170 hoc
723 1127 819 1171 versu
842 1105 941 1170 altera
962 1104 1052 1171 brevi
1075 1104 1230 1189 usurpari.

279 1213 460 1278 suracusas
482 1214 515 1276 in
539 1213 703 1278 Menaecb.
729 1235 758 1277 o.
787 1216 833 1276 37
839 1237 850 1276 .·
897 1215 1082 1298 „postquam
1107 1209 1281 1274 Suractsas
1305 1209 1346 1273 de

172 1343 208 1385 ea
230 1343 264 1384 re
287 1319 371 1385 redit
392 1321 540 1384 nuntius“
564 1320 645 1383 Brix
667 1321 700 1383 in
717 1319 795 1405 prol.
819 1318 859 1383 ad
875 1318 961 1383 Trin.
976 1342 1006 1405 p.
1026 1321 1064 1382 15
1090 1317 1212 1403 probat,
1234 1325 1347 1381 contra

172 1427 311 1507 Ritschl,
340 1426 528 1491 Fleckeisen
558 1448 672 1491 nomen
703 1426 789 1491 urbis
812 1425 852 1492 ab
875 1427 1048 1512 interprete
1071 1447 1141 1489 esse
1164 1423 1346 1510 proiectum

172 1533 377 1614 contendunt,
399 1556 459 1598 nec
482 1534 639 1599 Muellero
662 1533 795 1599 verbum
823 1533 929 1618 placet
959 1532 1000 1598 cl.
1024 1556 1054 1618 p.
1078 1535 1151 1597 278.
1197 1531 1264 1594 Leo
1289 1529 1346 1594 ad·

171 1652 276 1707 notat:
322 1650 507 1727 „utrumque
537 1664 652 1706 nomen
686 1639 854 1725 (Suracusa
886 1649 918 1705 et
948 1644 990 1705 39
1014 1639 1154 1721 Tarenti)
1185 1640 1217 1702 in
1249 1660 1346 1704 versu

171 1748 382 1828 intolerabile,
413 1748 469 1813 sed
492 1748 601 1813 ludere
623 1757 745 1813 tantum
770 1750 952 1813 coniectura
974 1755 1094 1835 potest,
1118 1747 1221 1812 velut:
1256 1755 1346 1831 post

172 1879 265 1942 quam
289 1857 329 1921 de
353 1879 447 1921 care
470 1858 599 1920 nuntius
629 1855 726 1920 rediit
747 1855 908 1920 ‘domum“.
954 1853 1104 1919 Ceterum
1126 1853 1188 1918 hoc
1211 1851 1346 1938 verbum

171 1965 204 2028 in
221 1964 352 2050 prologo
370 1972 474 2029 exstat
489 1972 678 2049 correptum,
701 1965 755 2048 qui
771 1962 885 2027 Plauto
901 1970 988 2026 totus
1003 1960 1143 2027 adscribi
1158 1963 1212 2026 vix
1228 1969 1346 2047 potest.

278 2106 454 2172 Videamus
478 2128 571 2185 nunc,
594 2115 672 2190 quot
695 2114 840 2191 correpta
863 2103 1018 2171 vocabula
1040 2105 1200 2190 supersint
1219 2125 1346 2188 quaque

171 2215 241 2301 lege
265 2237 302 2278 ea
324 2222 470 2300 correpta
493 2235 564 2277 esse
588 2213 757 2278 verisimile
782 2214 831 2277 sit

278 2321 473 2406 Incipiamus
504 2320 543 2386 ab
573 2322 618 2384 eis
642 2319 789 2399 vocibus,
821 2342 951 2405 quarum
982 2319 1080 2383 altera
1109 2326 1220 2382 natura
1249 2317 1348 2404 longa

173 2437 223 2492 est
246 2428 331 2514 quod
354 2437 388 2492 et
409 2450 515 2492 earum
539 2436 754 2515 correptarum
777 2449 926 2493 numerus
942 2427 1046 2490 minor
1068 2434 1125 2502 est,
1148 2433 1180 2488 et
1195 2424 1346 2489 Plautum

172 2559 269 2601 voces
292 2537 387 2599 trium
412 2534 616 2622 syllabarum,
649 2557 780 2620 quarum
811 2534 908 2599 altera
931 2543 1043 2598 natura
1073 2532 1167 2618 longa
1188 2540 1250 2611 est,
1280 2554 1347 2596 non

173 2644 364 2730 corripuisse
400 2641 547 2708 vidimus.
601 2643 766 2728 Leguntur
799 2651 905 2707 autem
943 2644 982 2705 12
1015 2640 1137 2704 formae
1172 2647 1347 2724 correptae.

173 2750 219 2813 At
252 2748 350 2815 verba
383 2751 578 2829 „amatoris“,
615 2751 798 2828 „amasi0s“,
836 2750 1101 2829 „amicissimam“,
1139 2748 1348 2825 ,amicitiam“

173 2880 252 2942 quae
285 2856 408 2942 singula
437 2856 534 2920 semel
562 2864 707 2942 correpta
736 2857 953 2935 inveniuntur,
985 2878 1057 2920 cum
1090 2877 1196 2918 earum
1227 2876 1347 2919 vocum

172 2986 272 3051 paene
297 2967 338 3028 60
363 2986 425 3027 non
449 2973 613 3049 correptae
636 2963 756 3027 formae
780 2972 915 3043 exstent,
943 2985 1037 3048 porro
1062 2960 1158 3027 verba
1180 2962 1347 3041 „amicus‘ss

172 3078 328 3151 ,‚amator“
362 3071 477 3135 similia
512 3072 683 3134 sescenties
723 3092 786 3134 non
820 3072 1030 3156 corripiantur
1068 3069 1154 3156 apud
1187 3069 1347 3148 Plautum,

173 3179 290 3265 corripi
312 3178 407 3242 licere
432 3177 620 3242 contendis?
664 3176 755 3242 Idem
787 3186 864 3263 puto
892 3179 1051 3242 neminem
1075 3177 1206 3243 verbum
1230 3182 1346 3263 „nego-

172 3288 270 3350 tium“
292 3285 365 3350 ideo
381 3285 562 3365 defendere,
585 3285 672 3370 quod
694 3286 727 3348 in
747 3293 896 3370 corrupto
911 3307 1007 3350 versu
1028 3293 1133 3349 exstet
1156 3292 1346 3370 correptum,

173 3416 244 3458 cum
269 3392 379 3456 eadem
401 3392 503 3456 forma
527 3394 680 3478 sexagies
704 3392 1013 3479 etlorma„neg0ti“
1031 3392 1213 3477 plusquam
1236 3400 1346 3476 septu-

173 3502 259 3586 agies
290 3522 353 3564 non
383 3508 530 3585 correpta
559 3501 609 3564 sit
655 3499 726 3564 Nec
754 3500 927 3564 verisimile
956 3498 1085 3565 videtur
1108 3497 1346 3584 „tragoediam“,

172 3606 377 3687 „Selenium“,
399 3607 619 3686 „Palaestrio“,
653 3629 734 3692 quae
766 3605 862 3671 verba
892 3608 1076 3693 saepissime
1106 3628 1169 3669 non
1200 3613 1345 3690 correpta

173 3715 320 3801 leguntur
335 3737 392 3800 pro
408 3714 540 3801 singulis
557 3715 721 3800 correptis,
744 3715 875 3800 corripi,
898 3721 1009 3777 contra
1027 3712 1166 3778 sananda
1182 3712 1331 3777 videntur
1336 3736 1345 3792 3

172 3845 267 3909 porro
292 3846 320 3887 v.
344 3821 554 3901 „suracusas‘
578 3821 664 3907 quod
686 3822 719 3884 in
739 3823 871 3905 prolopo
894 3829 1075 3906 correptum
1098 3821 1221 3905 legitur,
1244 3821 1345 3882 omni-

172 3930 232 3995 bus
248 3929 315 3994 fere
333 3929 506 3994 editoribus
522 3927 729 3994 intolerabilis
742 3928 877 3993 videtur.
900 3928 1014 3992 Restat
1027 3929 1124 4013 igitur
1138 3927 1346 4013 „pudicitiae“

174 4061 245 4115 vox,
269 4060 361 4122 quam
379 4037 474 4100 semel
492 4045 669 4123 correptam
685 4036 749 4100 leni
764 4037 939 4100 mutatione
955 4036 1059 4099 sanari
1074 4057 1137 4099 non
1153 4056 1246 4120 posse
1264 4033 1346 4099 vidi-

173 4168 251 4208 mus.
285 4143 350 4207 Sed
364 4166 436 4207 cum
460 4143 521 4208 hoc
545 4143 735 4208 vccabulum
759 4142 864 4207 decies
880 4165 943 4207 non
960 4145 1148 4228 corripiatur
1163 4142 1345 4226 formaeque
