2904 4710
778 266 820 326 36

213 481 244 542 p.
267 461 329 521 221
355 458 502 543 protadit:
532 457 717 536 „’Achillem
741 458 839 523 orabo
858 460 864 542 Ι
883 463 994 522 atrum
1017 458 1096 521 mibi
1118 458 1191 522 det“
1213 466 1392 544 praetereo,

213 587 287 627 cum
309 564 351 628 ad
373 564 554 650 prosodiam
578 567 667 629 vocis
692 565 828 629 Achillis
852 589 914 629 non
941 567 1129 650 pertineant.

321 672 395 735 Mil.
422 694 451 736 r.
470 676 576 736 1054:
599 695 685 758 „age
707 674 752 736 mi
773 672 928 750 Achillea,
950 674 1014 752 fiat,
1037 672 1124 756 quod
1144 681 1177 736 te
1200 694 1270 735 oro:
1294 694 1391 736 serva

213 777 300 841 illam
323 777 487 863 pulchram
511 778 668 864 pulcher.“

320 884 501 949 Hermann:
538 890 600 965 „mi
632 884 778 950 Achille
808 886 872 972 legi
902 886 985 964 vult,
1015 888 1092 950 item
1117 885 1258 964 Ritschl;
1293 886 1388 950 Brix:

213 1015 303 1078 „age,
335 997 379 1056 mi
403 993 561 1070 Achilles,
592 995 664 1057 fiae
693 995 845 1079 proponit
873 1002 906 1058 et
935 993 1068 1057 adnotat
1096 993 1138 1056 ad
1167 993 1264 1056 lain:
1300 994 1390 1071 „fiat‘⁴

213 1101 353 1185 synieesi
375 1104 423 1181 (ut
445 1102 573 1179 „sciat‘l
598 1123 669 1164 esse
692 1100 969 1186 pronuntiandum

320 1209 394 1271 Mil.
411 1230 441 1272 e.
455 1211 568 1272 1289:
591 1209 703 1286 ,mitto
725 1209 797 1285 iam,
820 1217 857 1271 ut
879 1207 984 1271 occidi
1000 1206 1146 1271 Achilles
1169 1208 1250 1271 civis
1273 1229 1388 1291 passus

214 1321 281 1378 est“
303 1323 404 1378 sonat.
449 1313 512 1378 Pro
535 1316 633 1392 „iam“
662 1337 726 1377 non
754 1316 873 1392 „enim“
896 1313 1047 1378 substitui
1069 1314 1146 1378 licet
1168 1313 1210 1377 cf.
1233 1313 1388 1377 Mueller:

214 1420 262 1483 Pl
285 1420 336 1484 Pr.
360 1444 390 1505 p.
413 1424 488 1499 231,
511 1421 658 1506 langen:
680 1421 832 1506 Beitrfige
856 1445 885 1507 p.
909 1424 983 1486 269.
1029 1421 1166 1485 Mueller
1188 1420 1207 1483 l.
1226 1443 1253 1484 c.
1275 1423 1389 1498 nescit,

214 1527 374 1611 quomodo
396 1550 523 1592 versum
546 1529 710 1607 metiatur,
739 1550 812 1592 oum
835 1536 883 1592 et:
922 1515 1044 1606 „decidi
1066 1526 1240 1591 'Achilles‘
1272 1537 1306 1591 et
1334 1536 1390 1606 „ut

108 1663 113 1674 ·
213 1618 328 1698 occidi
350 1633 510 1698 Achilles“
534 1635 597 1720 legi
620 1637 724 1720 possit
731 1660 739 1713 ;
771 1635 833 1699 boc
857 1635 948 1709 Brix,
979 1633 1234 1698 Goetz·Schoell
1256 1635 1289 1696 in
1312 1634 1389 1698 edit.

213 1741 406 1826 praeferrmt.
457 1741 650 1826 Quanquam
680 1764 745 1805 non
777 1764 858 1826 nego
890 1741 1058 1805 occidendi
1089 1741 1221 1807 verbum
1253 1743 1389 1826 primam

214 1848 368 1933 syllabam
382 1847 511 1913 brevem
527 1847 644 1912 babere
660 1871 763 1934 posse,
785 1851 971 1933 praesertim
987 1871 1060 1911 cnm
1076 1848 1252 1934 permultae
1268 1848 1390 1912 similes

214 1957 431 2041 correptiones
462 1956 609 2041 legantur
639 1955 681 2018 cf.
704 1955 803 2019 Klotz
835 1955 854 2018 l.
884 1978 912 2019 o.
939 1978 970 2041 p.
1002 1959 1042 2020 23
1067 1979 1126 2040 sq.,
1158 1955 1296 2018 Mueller
1318 1955 1338 2018 l.
1362 1978 1390 2020 c.

214 2085 245 2146 p.
268 2065 331 2126 281
356 2084 438 2147 sqq,
467 2071 588 2140 tamen,
610 2085 684 2126 cum
707 2062 760 2126 hic
783 2064 816 2124 in
839 2071 889 2126 tot
911 2063 1064 2147 exemplis
1087 2064 1243 2148 correptis
1266 2062 1389 2125 nullum

213 2177 335 2232 certum
367 2171 507 2255 correpti
539 2168 685 2233 vocabuli
717 2168 886 2233 occidendi
916 2169 1058 2255 proferat
1089 2177 1123 2232 et
1152 2167 1290 2255 Spengel
1318 2168 1338 2232 l.
1362 2192 1391 2232 c.

213 2300 244 2361 p.
277 2279 337 2340 107
371 2299 440 2361 sqq.
472 2271 696 2340 demonstrarit
728 2278 762 2339 in
794 2279 897 2362 primo
930 2279 1129 2361 potissimum
1162 2298 1274 2339 versus
1307 2275 1391 2360 pede

213 2382 296 2447 hanc
318 2383 477 2447 licentiam
508 2406 578 2447 esse
608 2385 771 2461 usitatam,
800 2383 936 2448 mediam
960 2382 1109 2447 vocabuli
1132 2382 1269 2446 Achillis
1292 2382 1391 2468 sylla-

212 2489 286 2554 bam
309 2492 429 2554 rectius
451 2492 570 2576 corripi
591 2500 679 2577 puto.

320 2598 394 2662 Mil.
416 2621 442 2661 r.
463 2602 503 2662 61
510 2623 522 2660 .·
546 2596 760 2682 ,rogitabanm
784 2596 889 2660 hicine
906 2596 1051 2661 Achilles
1076 2599 1147 2660 est?
1168 2597 1273 2681 inquit
1291 2596 1392 2660 mihi“

213 2725 307 2786 quem
331 2726 457 2768 versum
480 2704 572 2782 Bria,
604 2703 746 2782 Schoell,
776 2702 1048 2768 Goetz-Schoell:
1080 2703 1202 2782 „hicine
1226 2703 1392 2767 Achilles“

165 2844 169 2849 ·
213 2809 331 2894 legunt,
354 2809 492 2873 Mueller
514 2809 534 2872 l.
556 2833 583 2873 c.
600 2833 630 2894 p.
646 2812 709 2873 231
736 2812 849 2875 etiam:
873 2810 995 2888 „hicine
1011 2808 1183 2874 'Achilles‘
1205 2810 1269 2895 legi
1291 2809 1392 2875 licere

214 2916 386 2980 contendit
431 2916 519 2980 Huic
551 2918 716 2981 assentior.
765 2917 866 2980 Klotz
897 2917 918 2980 l.
941 2940 968 2981 o.
991 2941 1022 3002 p.
1047 2920 1086 2981 91
1121 2925 1232 2980 censet
1260 2918 1393 2982 nomina

214 3025 341 3108 propria
371 3022 535 3087 eGraeca
568 3023 676 3109 lingua
706 3025 739 3086 in
770 3024 917 3087 Latinam
950 3033 1077 3109 sumpta
1109 3025 1192 3087 inter
1223 3022 1392 3102 vocabula,

214 3152 347 3214 quornm
370 3130 471 3194 altera
493 3129 617 3214 syllaba
645 3141 791 3216 correpta
813 3131 948 3216 legatur,
980 3153 1043 3193 non
1074 3153 1144 3194 esse
1167 3130 1392 3194 enumeranda.

214 3237 373 3322 Equidem
405 3235 484 3300 haec
518 3236 615 3302 verba
647 3238 741 3302 atttrli
773 3247 806 3301 et
837 3245 874 3300 ut
904 3239 1100 3301 enumeratio
1130 3246 1216 3301 esset
1242 3238 1327 3300 iusta
1356 3247 1394 3301 et

214 3366 287 3406 cum
316 3353 460 3429 putarem
491 3345 585 3407 etiam
616 3366 656 3407 ex
684 3346 731 3408 eis
759 3343 846 3430 leges
869 3344 1138 3429 conipiendomm
1162 3343 1392 3408 vocabulorum

213 3450 355 3536 intellegi
370 3473 474 3536 posse.
509 3451 583 3515 Hoc
607 3450 851 3529 substantivum,
873 3451 959 3536 quod
978 3460 1029 3515 est
1043 3450 1187 3515 Achilles
1202 3474 1221 3514 a
1236 3451 1392 3515 Romanis

215 3566 395 3642 correptam
419 3580 488 3622 esse
511 3560 640 3622 minime
663 3561 776 3621 mirum
807 3566 857 3621 est
886 3581 958 3622 cum
989 3581 1029 3621 ne
1056 3559 1089 3620 in
1113 3556 1237 3622 Graeca
1259 3556 1392 3641 quidem

214 3664 321 3750 lingua
343 3667 431 3728 firma
454 3664 552 3728 fuerit
575 3665 736 3730 scribendi
764 3666 831 3728 eius
854 3667 951 3743 ratio;
981 3666 1160 3730 invenimus
1190 3665 1272 3728 enim
1304 3664 1393 3750 apud

216 3794 270 3835 eos
295 3774 390 3835 etiam
413 3771 547 3835 formam
567 3775 713 3856 Ἀχιλεύς.
753 3772 900 3849 Accedit,
923 3771 1009 3856 quod
1031 3771 1137 3834 littera
1162 3771 1206 3848 ,‚l“
1229 3773 1393 3856 geminata

215 3901 278 3941 non
301 3880 347 3942 ita
369 3879 501 3942 multum
526 3879 567 3942 ad
590 3878 742 3964 syllabam
766 3877 1001 3964 producendam
1026 3877 1153 3943 valebat
1175 3877 1217 3941 cf.
1234 3878 1392 3944 Priscian.

215 3985 241 4048 I.
266 3989 324 4049 38:
359 3986 388 4064 „l
412 3985 586 4070 triplicem,
617 3994 652 4049 ut
675 3985 781 4049 Plinio
805 3985 945 4063 videtur,
975 4007 1087 4048 sonum
1117 3984 1229 4049 babet:
1266 3985 1393 4064 exilem,

215 4093 341 4178 quando
377 4094 557 4178 geminatur
593 4092 734 4158 secundo
766 4092 837 4157 loco
866 4094 987 4178 posita,
1016 4100 1051 4156 ut
1087 4093 1156 4175 ‘ille'
1187 4092 1392 4186 (Metellus’t
