2904 4710
700 263 742 322 48

135 475 210 538 „per
233 453 425 518 dentemm.
450 455 597 540 .perque
625 477 794 519 sororem
818 478 965 540 .perque
994 455 1134 519 oeulos.
1159 479 1312 541 ,perque

136 583 288 624 amores.
313 583 460 645 .perque
484 560 745 647 Adelphasium
769 585 918 648 perque
948 562 1146 626 libertatem“
1177 562 1313 627 deletur

138 668 267 731 Rectius
284 668 461 752 Langent,
462 669 586 747 ‚Beitn“
603 693 632 754 p
648 672 709 734 108
724 692 770 754 sq
793 670 983 755 singularem
1006 692 1128 749 „meum
1151 677 1314 734 amorem“

137 774 277 860 praefert
284 799 292 854 3
316 774 373 839 sed
396 774 543 860 equidem
562 775 715 862 Ussingio
740 779 894 840 assentior
918 776 1054 842 dicenti:
1079 776 1174 855 „mihi
1197 800 1313 842 versus

137 906 156 946 a
178 883 291 945 ceteris
314 904 444 967 prorsus
468 882 638 947 abhorrens
661 885 818 947 insiticius
837 883 979 949 videtur‘
1003 907 1074 948 cum
1095 893 1222 969 praeter
1238 885 1267 948 h.
1281 909 1313 949 v.

136 990 284 1052 nonnisi
307 989 494 1075 Milphionis
518 992 663 1076 propriae
686 1013 737 1054 res
761 999 1054 1055 commemorentur.

148 1135 150 1140 ·
244 1096 342 1161 Poen.
368 1119 396 1161 n.
424 1100 527 1162 1165:
565 1120 641 1182 „ego
671 1096 798 1181 quidem
827 1119 913 1161 meos
943 1103 1064 1162 amores
1087 1103 1210 1162 mecum
1236 1103 1314 1164 con-

137 1201 201 1266 fido
224 1202 309 1266 fors‘
333 1203 406 1268 libri
429 1203 590 1289 praebent.
637 1203 746 1289 Guyet
769 1205 902 1269 verbum
925 1205 1088 1289 „quidem“
1110 1205 1241 1285 delevit,
1263 1208 1314 1270 in-

137 1311 227 1388 iuria,
246 1334 318 1375 nam
334 1334 601 1396 supervacaneum
618 1335 681 1375 non
700 1321 757 1390 est,
781 1334 853 1375 cum
869 1312 1032 1396 significet
1046 1312 1315 1398 Agorasthoclem

137 1418 231 1481 firma
255 1441 311 1504 spe
334 1418 499 1504 impletum
531 1441 601 1483 esse
632 1442 667 1483 se
690 1419 857 1483 Hannonis
889 1419 974 1483 filias
1004 1422 1205 1485 inventurum
1231 1443 1316 1486 esse.

139 1524 218 1590 Cum
260 1525 423 1611 Gepperto
464 1525 561 1592 verba
604 1536 678 1591 sunt
715 1526 966 1612 transponenda:
1013 1550 1122 1607 „meos
1161 1527 1314 1613 equidem

138 1637 286 1697 amores‘.

245 1742 362 1805 Pseud.
394 1763 424 1805 n.
449 1745 539 1805 498:
583 1747 789 1827 „quapropter
817 1723 1035 1828 te'expertem
1065 1744 1181 1806 amoris
1211 1744 1280 1833 nati
1307 1741 1311 1831 l

138 1847 319 1912 habuerim‘
344 1848 475 1911 tolerari
505 1851 616 1933 nequit
645 1848 696 1912 vel
727 1860 857 1936 propter
885 1851 1014 1914 hiatum.
1062 1849 1181 1913 Iniuria
1203 1859 1312 1914 antem

139 1954 262 2039 Ussing
285 1978 313 2019 v.
326 1958 389 2019 497
405 1978 450 2039 sq.
473 1965 620 2040 „propter
642 1959 793 2020 orationis
818 1967 851 2022 et
872 1959 981 2044 gravia
995 1978 1195 2020 numerorum
1211 1959 1313 2022 vitias

140 2060 273 2141 delevit,
304 2084 375 2125 nam
407 2064 453 2125 eis
484 2061 597 2126 deletis
630 2087 657 2126 v.
684 2066 746 2127 502
772 2087 817 2149 sq.
848 2064 990 2150 intellegi
1018 2085 1081 2127 non
1111 2072 1245 2149 possunt
1269 2065 1313 2129 ef.

140 2170 285 2254 Langen:
310 2168 357 2232 Pl.
374 2169 425 2232 Pr.
448 2193 477 2256 p.
495 2173 568 2245 360,
592 2179 625 2234 et
647 2174 819 2235 sescenties
843 2195 953 2236 versus
976 2172 1178 2256 transpositis
1202 2171 1312 2236 verbis

141 2275 272 2340 sanandi
296 2284 328 2341 et
351 2279 451 2341 sanati
476 2286 561 2355 sunt,
594 2280 647 2362 qui
677 2280 709 2341 in
740 2279 829 2343 libris
859 2282 944 2358 „sine
968 2280 1124 2342 numeris“
1153 2277 1312 2364 leguntur.

141 2383 223 2448 Cum
238 2383 355 2447 Bothio
375 2406 459 2449 nune
477 2385 626 2470 legimus:
651 2391 860 2472 „quapropter
875 2388 939 2451 nat
916 2396 942 2450 tr
957 2387 1070 2451 ambris
1092 2392 1125 2451 te
1148 2393 1318 2518 expertem

140 2490 311 2555 habuerim

247 2598 399 2662 Mueller.
444 2598 574 2663 Nachtr.
599 2622 629 2684 p.
654 2603 694 2664 39
726 2601 804 2664 citat
831 2597 1011 2686 „eupita‘'‘
1002 2623 1033 2664 m
1063 2602 1160 2665 Meae.
1187 2624 1216 2666 o.
1244 2604 1311 2680 84.-

140 2705 204 2784 „lbi
233 2704 358 2790 quidem
391 2707 417 2768 si
447 2710 576 2790 regnum
600 2704 691 2769 detur
714 2711 775 2769 non
800 2715 849 2771 est
872 2709 981 2792 cupita
1004 2709 1136 2772 civitas‘
1166 2730 1223 2793 pre
1246 2724 1311 2792 quo

141 2812 252 2889 verbo,
282 2835 354 2876 eum
377 2821 557 2898 correptum
581 2835 650 2876 esse
674 2836 735 2877 non
759 2813 886 2899 prebet,
917 2815 1052 2878 fortasse
1076 2814 1212 2893 „lubita“
1235 2815 1312 2880 sub

141 2918 334 2984 stituendum
357 2928 458 3004 putat.
490 2918 555 2984 Sed
570 2920 689 2999 Weiss,
712 2921 836 2986 Ritschl
860 2921 915 2985 alit
931 2931 1015 2986 recte
1031 2930 1311 3007 transposuerunt:

141 3050 220 3110 „non
244 3035 407 3112 eupltast“.
988 3023 990 3028 ’

247 3134 287 3198 In
311 3136 424 3199 Aulul.
443 3157 472 3199 o.
494 3138 564 3198 599
584 3136 677 3198 initio
701 3135 852 3221 praebent
874 3135 962 3200 libri:
987 3136 1101 3214 „herile
1124 3138 1312 3223 imperium“

141 3266 235 3328 quam
266 3243 448 3306 memoriam
477 3241 575 3306 Klotz
609 3244 755 3306 nimirum
789 3243 917 3328 probat3
957 3243 1107 3308 Mueller:
1155 3246 1218 3323 „eri
1247 3246 1311 3309 itae

141 3352 303 3436 proponit,
333 3348 390 3413 sed
413 3351 543 3435 propius
567 3348 607 3413 ad
630 3352 812 3413 memoriam
836 3350 961 3415 accedit
984 3351 1137 3435 Wagneri
1159 3352 1310 3418 mutatio:

140 3460 203 3538 „eri
225 3456 279 3521 ille
302 3458 493 3543 imperium“.

246 3562 389 3628 lubidost
420 3565 451 3626 in
479 3565 569 3628 Trete.
604 3587 633 3628 o.
670 3567 753 3645 605,
792 3569 863 3629 608
895 3565 1022 3650 legitur,
1055 3567 1081 3628 si
1112 3587 1174 3629 non
1201 3564 1311 3630 bacch.

141 3692 277 3736 monem.
300 3670 357 3736 sed
372 3671 471 3736 finem
491 3670 590 3735 troch.
607 3680 710 3735 octon.
736 3694 804 3736 esse
821 3671 1049 3736 contendimus.
1083 3672 1157 3736 Hoc
1174 3672 1312 3737 Mueller

142 3803 171 3865 p.
188 3781 262 3855 273,
285 3776 487 3864 Spengelium
503 3803 533 3864 p.
552 3781 613 3842 123
639 3788 766 3842 secutus
789 3779 876 3857 facit,
900 3779 957 3843 sed
981 3781 1109 3865 scripsit
1130 3778 1310 3846 lubitumst:

140 3886 287 3971 „loquere
310 3884 429 3964 unde's
460 3888 572 3970 quoius
596 3892 637 3965 es,
661 3909 741 3970 quor
763 3886 866 3951 ausu's
890 3888 934 3949 mi
957 3887 1160 3951 inclementer
1183 3887 1311 3953 dicere?

142 3992 342 4058 Lubitumst“
366 4001 398 4056 et
421 3993 526 4071 „Quid
549 3997 607 4057 tu?
637 4016 715 4077 quor
742 4016 817 4057 ausa
845 3999 877 4058 es
901 3994 997 4058 aliurn
1020 4002 1052 4058 te
1076 3992 1182 4059 dicere
1205 4017 1310 4059 amare

141 4100 329 4167 homonem?
353 4099 561 4169 Lubitumst“.
600 4102 646 4166 At
668 4103 821 4189 inpriore
846 4125 940 4166 versu
964 4101 1061 4166 verba
1083 4101 1205 4180 „dicere
1229 4102 1311 4167 lubi-
