2904 4710
690 245 731 306 56

230 437 416 504 Ceterorum
438 437 672 518 vocabulorum,
702 461 774 504 oum
803 440 881 503 tria:
916 437 1089 518 „Achilles
1120 436 1302 525 Philippus,

121 546 303 625 talentum“,
327 568 407 630 quae
431 547 538 610 tricies
554 548 657 611 sexies
674 556 821 632 correpta
836 547 993 632 leguntur,
1017 567 1034 610 e
1051 544 1179 610 Graeca
1194 545 1303 632 lingua

123 661 250 738 sumpta
272 654 344 731 sint,
374 652 532 718 Graecum
556 662 723 718 accentum
745 656 779 717 in
802 654 926 739 vulgari
955 674 1098 718 sermone
1122 662 1302 731 servanmt,

96 785 98 789 ’
123 761 242 846 qnippe
266 782 346 844 quae
368 762 471 846 primo
494 761 723 829 consuetudine
746 760 918 838 cotidiana,
945 760 1147 825 nonlitteris
1170 768 1303 846 recepta

125 868 197 946 sint,
221 889 282 951 qua
304 889 338 931 re
361 866 434 931 fieri
456 890 519 932 non
543 877 676 954 poterat,
699 870 775 954 quin
797 868 992 956 paenultima
1014 866 1137 954 syllaba
1160 869 1302 954 corripe-

124 982 218 1038 retur.
257 974 396 1039 Restant
413 976 510 1060 igitur
525 974 603 1039 haec
620 983 769 1060 quattuor
784 974 948 1054 vocabula,
972 996 1052 1059 quae
1069 972 1179 1038 decies
1197 976 1301 1041 sexies

124 1089 270 1167 correpta
292 1081 451 1167 leguntur:
481 1083 657 1170 „voluptas
681 1092 818 1162 senecta,
839 1081 1004 1162 scelestae,
1027 1080 1204 1168 profecto“.
1251 1081 1301 1146 De

124 1187 216 1251 huius
232 1187 324 1252 verbi
333 1191 354 1269 ¹)
378 1191 586 1274 correptione,
609 1212 681 1254 eum
703 1199 753 1253 ter
775 1191 808 1252 in
831 1191 922 1253 initio
937 1211 1095 1267 versuum,
1117 1187 1208 1273 quod
1224 1187 1302 1254 libe·

123 1296 188 1358 rius
212 1316 283 1359 esse
306 1303 440 1375 constat,
463 1305 641 1381 usurpetur,
665 1295 769 1361 adhuc
785 1295 924 1361 dubitari
940 1303 1055 1381 potest,
1078 1317 1152 1359 oum
1175 1297 1302 1360 centies

124 1403 224 1466 vicies
256 1403 423 1487 quinquies
454 1425 527 1467 suos
557 1425 705 1468 numeros
736 1404 879 1468 retineat.
929 1402 1087 1487 Equidem
1115 1401 1240 1467 inclino
1264 1402 1302 1468 ad

123 1508 293 1575 Ritsohelii
318 1511 515 1589 sententiam,
544 1513 598 1596 qui
627 1512 816 1575 coniecturis
840 1533 960 1588 versus
990 1511 1022 1573 in
1046 1508 1161 1594 quibus
1185 1519 1304 1589 exstat,

124 1616 279 1681 sanandos
309 1638 379 1680 esse
408 1617 581 1682 contendit
633 1617 775 1684 Verbum
802 1619 966 1701 ‘senectae'
992 1615 1078 1701 quod
1100 1617 1215 1681 novies
1240 1639 1304 1683 non

124 1733 302 1810 correptum
333 1724 450 1810 legitur
479 1734 511 1789 et
542 1726 639 1789 semel
668 1727 700 1789 in
725 1747 836 1790 versus
871 1725 979 1790 vitiosi
1001 1725 1093 1793 initio
1121 1725 1304 1810 corripitur,

124 1832 207 1894 sicut
225 1830 359 1895 verbum
382 1831 582 1911 ,‚scelestae“,
606 1831 692 1917 quod
714 1833 896 1918 septuagies
920 1830 1018 1895 semel
1041 1852 1104 1894 non
1122 1831 1305 1917 ⁴corripitur

124 1945 158 2001 et
181 1938 277 2002 semel
300 1940 333 2002 in
357 1940 459 2024 primo
477 1961 587 2003 versus
603 1938 685 2024 pede
701 1940 800 2003 altera
816 1937 938 2025 syllaba
952 1937 1044 2002 brevi
1066 1937 1191 2024 legitur,
1216 1937 1305 2024 apud

124 2043 272 2108 Plautum
297 2047 423 2109 omnino
447 2068 509 2110 non
534 2048 651 2132 corripi
674 2044 866 2110 contendere
891 2067 953 2108 non
977 2044 1098 2109 dubito.

232 2152 377 2237 Denique
407 2152 539 2218 verbum
570 2152 790 2239 ,‚voluptetis“,
820 2152 905 2238 quod
934 2151 1085 2216 undecies
1116 2160 1305 2238 correptum

123 2261 207 2323 inest
230 2259 376 2324 omnibus
399 2259 504 2339 libris,
534 2283 606 2325 cum
638 2283 763 2346 semper
793 2262 996 2325 coniunctum
1027 2260 1070 2322 sit
1099 2280 1171 2322 cum
1196 2267 1306 2336 „mea“

123 2369 181 2446 ita,
211 2375 247 2430 ut
276 2366 369 2432 ambo
401 2391 497 2431 uuum
522 2367 670 2432 efficiant
692 2366 827 2432 verbum
849 2367 1016 2452 „voluptts
1040 2371 1137 2445 mea“,
1167 2387 1234 2429 non
1264 2366 1307 2432 ed

123 2473 223 2538 verba
253 2476 349 2538 trium
381 2474 569 2560 syllabarum
604 2477 761 2561 pertinere
785 2482 876 2560 puto,
907 2472 963 2538 sed
992 2471 1103 2537 eadem
1126 2472 1209 2558 lege,
1241 2497 1307 2558 qua

124 2589 229 2643 cetera
252 2583 319 2644 eius
342 2583 433 2646 vocis
460 2581 581 2646 formae
609 2590 646 2646 ut
673 2579 1209 2666 „voluptatis-em,-ibus-um“
1232 2602 1306 2645 cor-

123 2696 248 2771 reptum
272 2686 354 2752 duco
379 2710 417 2752 eo
440 2691 554 2774 magiS,
586 2688 671 2774 quod
694 2690 796 2753 vicies
819 2687 883 2767 bis,
913 2686 968 2751 ubi
998 2708 1172 2773 pronomen
1194 2695 1306 2766 „mea“

123 2815 187 2857 non
210 2796 420 2879 postponitur,
443 2795 542 2860 altera
564 2796 658 2882 longa
680 2796 804 2882 legitur.
844 2795 968 2879 ltaque,
992 2793 1078 2879 quod
1097 2793 1138 2858 ad
1152 2793 1306 2859 substan-

123 2902 192 2965 tiva
214 2902 310 2964 trium
334 2901 532 2987 syllabarum,
555 2926 634 2988 quae
650 2925 799 2967 mensura
814 2904 971 2989 incipiunt
985 2900 1130 2980 iambica,
1153 2901 1306 2987 pertinet,

124 3030 225 3092 neque
248 3008 380 3087 Klotzii,
403 3032 496 3094 quam
519 3020 629 3076 vocat:
654 3009 860 3090 „metrisches
879 3009 1175 3094 Ktirzungsgesetz“
1197 3030 1305 3094 neque

124 3113 287 3179 Skutschii
315 3115 426 3181 verba:
459 3119 549 3197 „eine
573 3117 749 3202 jambische
776 3116 961 3202 Wortfolge,
989 3115 1041 3179 die
1064 3114 1127 3180 den
1151 3115 1222 3179 Tou
1245 3115 1306 3181 auf

124 3221 181 3286 der
203 3223 311 3288 Kiirze
339 3229 437 3310 trigt,
468 3224 546 3290 oder
577 3225 634 3290 der
657 3225 708 3290 die
738 3223 948 3309 tontragende
976 3221 1063 3288 Silbe
1094 3221 1305 3288 unmittelbar

124 3329 213 3415 iolgt,
238 3330 319 3395 wird
341 3331 583 3417 pyrrhichisch“
606 3355 708 3417 neque
724 3331 872 3396 Muelleri
896 3332 1061 3409 sententia,
1085 3352 1147 3414 qua
1169 3328 1303 3394 alteram

125 3436 288 3522 syllabam,
311 3440 379 3503 sive
404 3441 562 3525 positione
587 3442 655 3504 sive
679 3448 791 3503 natura
808 3440 942 3524 longam,
964 3436 1050 3523 apud
1066 3436 1213 3501 Plautum
1231 3458 1303 3501 cor-

125 3552 247 3629 reptam
271 3548 418 3632 usurpari
442 3568 536 3632 posse
560 3546 733 3624 contendit,
756 3545 919 3632 probanda
940 3544 1098 3609 videntur.

235 3757 254 3824 1)
273 3757 308 3811 ct.
328 3758 420 3826 etiam,
439 3759 515 3830 quod
534 3759 601 3813 Brix
619 3759 655 3814 ad
673 3759 733 3814 Mil.
753 3778 777 3814 v.
800 3760 849 3815 186
868 3757 1020 3813 adnotavit.

606 3943 818 3952 --—-—-
