2904 4710
628 280 668 340 70

541 369 753 377 ——.-——-

61 473 225 556 correptis
249 493 380 556 quorum
404 471 503 536 altera
527 481 636 536 natura
659 472 752 557 longa
776 481 833 551 est,
863 474 990 537 circiter
1013 477 1054 538 40
1079 483 1231 560 correpta.

60 577 165 663 Igitur
196 577 522 665 undequadragesima
553 578 621 643 fere
649 602 722 665 pars
746 589 891 665 correpta
921 581 1041 666 legitur.
1088 580 1164 658 Sed,
1197 590 1232 645 ut

59 683 200 748 vidimus
229 684 322 771 longe
353 686 487 771 plurima
516 686 661 771 exempla
684 686 853 750 lenissimis
877 687 1105 752 mutationibus
1129 690 1232 752 sanari

59 801 203 878 possunt.
248 792 379 856 Illorum
410 794 492 856 enim
524 815 638 857 novem
671 793 887 879 exemplorum
918 803 1133 879 corruptorum
1168 795 1231 860 duo

60 908 215 985 „potasse,
237 899 394 977 resolvit“,
417 922 489 963 cum
514 900 669 985 scriptura
691 899 809 964 tradita
823 899 937 964 bonam
954 904 1144 965 sententiam
1168 926 1230 965 non

59 1005 225 1092 praebeat,
256 1015 341 1070 certe
372 1008 474 1070 sanari
504 1006 622 1071 debent
629 1031 637 1085 ;
669 1006 798 1071 verbum
829 1015 989 1091 „oportet‘
1022 1018 1133 1092 quater
1162 1032 1231 1072 cor-

57 1122 195 1199 reptum,
219 1114 314 1177 semel
338 1116 370 1176 in
394 1123 542 1200 corrupto
566 1137 659 1178 versu
682 1114 806 1199 legitur,
836 1123 885 1177 ter
907 1116 1035 1178 minima
1057 1118 1230 1180 mutatione

58 1230 190 1285 sanatur
197 1245 205 1301 3
239 1221 328 1285 verbi
359 1223 516 1299 „rcsistis“
547 1244 671 1284 versum
706 1219 832 1284 Schocll
868 1230 954 1285 recte
984 1224 1128 1301 metitur;
1165 1246 1231 1301 „rc-

57 1330 168 1392 mitte“
192 1350 276 1392 nunc
299 1329 332 1391 in
356 1330 501 1406 „amitte“
523 1336 678 1392 mutatum
702 1337 760 1405 est,
784 1330 977 1406 ‚,renrittam“
1001 1328 1105 1393 deleto
1122 1353 1230 1415 super-

55 1458 198 1500 vacaneo
221 1442 345 1514 „meos“
367 1458 428 1498 non
452 1437 514 1498 iam
531 1444 710 1520 correptum
730 1444 786 1499 est.
825 1434 927 1520 Igitur
944 1435 1110 1500 verborum
1133 1440 1229 1500 trium

54 1541 262 1629 syllabarum,
295 1565 425 1626 quarum
456 1542 554 1606 altera
584 1543 741 1626 positione
764 1542 859 1626 longa
882 1551 944 1622 est,
976 1546 1134 1629 correptio
1157 1568 1229 1630 pro-

52 1649 161 1715 banda
183 1672 245 1712 non
269 1648 403 1713 videtur.

163 1756 268 1820 Aliter
299 1779 349 1819 res
383 1777 417 1819 se
451 1754 565 1819 habore
596 1753 723 1820 videtur
753 1757 780 1817 si
810 1764 989 1840 spectamus
1014 1756 1111 1821 verba
1133 1760 1228 1822 trium

53 1862 257 1949 syllabarum,
281 1885 412 1947 quorum
437 1861 536 1925 altera
559 1871 670 1926 natura
692 1863 787 1947 longa
811 1872 872 1942 est,
902 1866 976 1947 quia
1003 1863 1069 1927 fere
1093 1868 1135 1929 40
1160 1887 1229 1929 cor-

50 1979 146 2056 repta
169 1970 325 2055 leguntur.
364 1968 429 2033 Sed
444 1969 554 2033 horum
580 1969 729 2032 nonnulla
752 1970 843 2033 aliter
865 1971 1024 2055 explicare
1044 1995 1227 2057 possumus:

51 2076 192 2156 „bibisti
215 2076 341 2155 dedisti,
365 2076 517 2155 dcdisse“,
541 2076 644 2155 „bisti
668 2076 759 2154 desti,
779 2076 887 2140 dessc“
910 2080 1052 2142 sonuisse
1069 2078 1227 2143 Corsseno

52 2185 138 2249 duce
162 2184 327 2263 contendi;
358 2183 489 2248 verbum
513 2186 684 2268 „quiesee“,
713 2207 785 2247 cum
816 2183 922 2247 decies
947 2186 1049 2248 sexies
1074 2209 1136 2248 uon
1159 2210 1228 2250 cor-

52 2300 180 2378 reptum
197 2314 254 2377 pro
271 2291 368 2354 semel
385 2301 529 2377 correpto
546 2291 676 2375 legatur,
693 2298 729 2353 ut
740 2294 901 2375 „quietus“
914 2294 1050 2377 synicesi
1062 2295 1227 2377 „qujesco“

53 2401 291 2485 pronuntiatum
328 2421 396 2461 esso
432 2397 693 2462 verisimillimum
727 2407 784 2461 est.
838 2397 970 2483 Saepius
1003 2401 1031 2461 A
1067 2400 1225 2464 meliorem

55 2504 152 2571 habet
182 2508 368 2591 scripturam
402 2505 442 2569 cf.
472 2504 530 2569 sub
561 2527 602 2567 v.:
640 2504 817 2584 „rediisse“,
847 2508 1024 2591 ,‚rogaltol“,
1053 2510 1227 2593 „nega[tol“

54 2636 116 2678 nec
140 2614 167 2677 B
193 2636 317 2698 semper
339 2621 412 2697 post
436 2612 465 2675 A
495 2611 658 2697 ponendus
683 2621 739 2674 est.
785 2611 897 2697 Itaque
929 2617 969 2677 20
994 2624 1139 2700 correpta
1168 2639 1226 2701 pro

57 2724 145 2786 1550
170 2744 232 2783 000
256 2721 410 2805 correptis
433 2718 596 2784 vocabulis
620 2727 747 2782 exstant
771 2719 822 2782 vel
848 2724 875 2797 1,
900 2723 941 2784 04
965 2730 1144 2806 correptum
1168 2746 1226 2808 pro

57 2832 121 2893 100
155 2850 216 2891 000
250 2829 412 2911 correptis.
464 2827 567 2890 Tanta
600 2827 772 2911 exiguitate
805 2836 891 2891 certe
924 2828 989 2906 lex,
1024 2851 1086 2912 qua
1117 2851 1226 2894 omnes

54 2957 153 3001 voces
177 2935 217 2998 ab
240 2933 345 2998 iambo
367 2935 557 3018 incipientes
588 2933 909 3018 comprehendantur,
939 2934 1070 2999 defendi
1100 2939 1210 3020 nequit
1217 2962 1225 3017 3

54 3041 194 3118 accedit,
224 3040 309 3125 quod
332 3041 501 3104 lenissimis
525 3039 765 3117 mutationibus,
797 3050 833 3104 ut
855 3041 993 3119 „abissc“
1017 3044 1049 3104 in
1074 3042 1226 3120 „abiisset
1298 3031 1300 3036 ’

55 3149 118 3232 (vel
149 3148 263 3211 litteris
295 3148 477 3212 maiusculis
502 3145 659 3210 ABISSE
688 3149 722 3209 in
745 3129 911 3228 ARISSE)
943 3148 993 3211 vel
1025 3151 1226 3235 transpositis

55 3255 172 3334 verbis,
196 3278 276 3340 quae
299 3256 379 3318 ratio
403 3254 488 3339 apud
503 3254 651 3318 Plautum
668 3256 852 3338 saepissime
868 3254 1048 3319 adhibenda
1071 3266 1128 3334 est,
1150 3259 1226 3320 iusti

55 3365 177 3427 numeri
209 3363 425 3426 restituuntur.
478 3360 622 3426 Verbum
655 3359 800 3439 ‚amabo“
833 3383 890 3445 pro
924 3365 986 3426 220
1019 3361 1130 3426 formis
1162 3387 1225 3427 non

54 3471 209 3555 correptis
234 3468 374 3533 eiusdem
399 3470 496 3547 vocis,
520 3468 616 3532 semel
640 3477 672 3531 et
696 3469 871 3552 composita
902 3467 989 3532 verbi
1012 3469 1143 3547 „eundi“
1166 3494 1225 3556 pro

60 3581 120 3642 150
145 3599 207 3639 000
230 3578 394 3661 correptis,
418 3585 529 3660 quater
551 3576 603 3640 vel
627 3577 794 3659 quinquies
818 3584 963 3660 correpta
986 3598 1055 3640 esse
1074 3577 1224 3641 credibile

55 3708 118 3748 non
142 3684 275 3747 videtur.
321 3682 412 3746 Idem
445 3682 613 3746 dicendum
647 3691 696 3745 est
727 3681 765 3745 dc
794 3684 907 3746 ceteris
936 3683 1113 3762 vocabulis,
1145 3708 1224 3769 qirae

54 3790 187 3876 singulis
210 3790 277 3854 fere
301 3791 453 3875 exemplis
477 3791 854 3875 correptainveniuntur.
