<?xml version="1.0" encoding="UTF-8"?>
<!DOCTYPE html PUBLIC "-//W3C//DTD XHTML 1.0 Transitional//EN"
    "http://www.w3.org/TR/xhtml1/DTD/xhtml1-transitional.dtd">
<html xmlns="http://www.w3.org/1999/xhtml" xml:lang="en" lang="en">
 <head>
  <title>
</title>
<meta http-equiv="Content-Type" content="text/html;charset=utf-8" />
  <meta name='ocr-system' content='tesseract 3.04.00' />
  <meta name='ocr-capabilities' content='ocr_page ocr_carea ocr_par ocr_line ocrx_word'/>
</head>
<body>
  <div class='ocr_page' id='page_1' title='image "./deplauticorrept00eschgoog_0050.png"; bbox 0 0 2904 4710; ppageno 0'>
   <div class='ocr_carea' id='block_1_1' title="bbox 711 267 752 328">
    <p class='ocr_par' dir='ltr' id='par_1_1' title="bbox 711 267 752 328">
     <span class='ocr_line' id='line_1_1' title="bbox 711 267 752 328; baseline 0 0"><span class='ocrx_word' id='word_1_1' title='bbox 711 267 752 328; x_wconf 84' lang='lat'><strong>45</strong></span> 
     </span>
    </p>
   </div>
   <div class='ocr_carea' id='block_1_2' title="bbox 127 458 1318 2367">
    <p class='ocr_par' dir='ltr' id='par_1_2' title="bbox 142 458 1317 653">
     <span class='ocr_line' id='line_1_2' title="bbox 142 458 1317 546; baseline 0 -23"><span class='ocrx_word' id='word_1_2' title='bbox 142 459 265 546; x_wconf 90' lang='lat' dir='ltr'><strong>placet,</strong></span> <span class='ocrx_word' id='word_1_3' title='bbox 297 461 471 523; x_wconf 82' lang='lat' dir='ltr'><strong>mutatione</strong></span> <span class='ocrx_word' id='word_1_4' title='bbox 502 461 631 523; x_wconf 91' lang='lat' dir='ltr'><strong>minima</strong></span> <span class='ocrx_word' id='word_1_5' title='bbox 660 459 827 524; x_wconf 86' lang='lat' dir='ltr'><strong>Ritschelii</strong></span> <span class='ocrx_word' id='word_1_6' title='bbox 857 459 969 538; x_wconf 86' lang='lat' dir='ltr'><strong>„mihi“</strong></span> <span class='ocrx_word' id='word_1_7' title='bbox 999 469 1074 546; x_wconf 88' lang='lat' dir='ltr'><strong>post</strong></span> <span class='ocrx_word' id='word_1_8' title='bbox 1103 458 1317 546; x_wconf 90' lang='lat' dir='ltr'><strong>„pharetram“</strong></span> 
     </span>
     <span class='ocr_line' id='line_1_3' title="bbox 142 568 534 653; baseline 0 -23"><span class='ocrx_word' id='word_1_9' title='bbox 142 568 302 653; x_wconf 88' lang='lat' dir='ltr'><strong>ponentis,</strong></span> <span class='ocrx_word' id='word_1_10' title='bbox 326 574 453 631; x_wconf 88' lang='lat' dir='ltr'><strong>sanatus</strong></span> <span class='ocrx_word' id='word_1_11' title='bbox 477 575 534 630; x_wconf 81' lang='lat' dir='ltr'><strong>est</strong></span> 
     </span>
    </p>

    <p class='ocr_par' dir='ltr' id='par_1_3' title="bbox 127 672 1318 2044">
     <span class='ocr_line' id='line_1_4' title="bbox 252 672 1318 760; baseline 0.003 -23"><span class='ocrx_word' id='word_1_12' title='bbox 252 672 422 748; x_wconf 86' lang='lat' dir='ltr'><strong>scelestus,</strong></span> <span class='ocrx_word' id='word_1_13' title='bbox 459 672 545 758; x_wconf 93' lang='lat' dir='ltr'><strong>quod</strong></span> <span class='ocrx_word' id='word_1_14' title='bbox 576 672 709 737; x_wconf 92' lang='lat' dir='ltr'><strong>verbum</strong></span> <span class='ocrx_word' id='word_1_15' title='bbox 743 675 922 760; x_wconf 82' lang='lat' dir='ltr'><strong>septuagies</strong></span> <span class='ocrx_word' id='word_1_16' title='bbox 961 673 1057 738; x_wconf 89' lang='lat' dir='ltr'><strong>semel</strong></span> <span class='ocrx_word' id='word_1_17' title='bbox 1093 674 1192 740; x_wconf 86' lang='lat' dir='ltr'><strong>altera</strong></span> <span class='ocrx_word' id='word_1_18' title='bbox 1223 673 1318 760; x_wconf 85' lang='lat' dir='ltr'><strong>longa</strong></span> 
     </span>
     <span class='ocr_line' id='line_1_5' title="bbox 140 780 1317 866; baseline 0.003 -22"><span class='ocrx_word' id='word_1_19' title='bbox 140 781 272 866; x_wconf 83' lang='lat' dir='ltr'><strong>legitur,</strong></span> <span class='ocrx_word' id='word_1_20' title='bbox 303 788 449 866; x_wconf 86' lang='lat' dir='ltr'><strong>correpta</strong></span> <span class='ocrx_word' id='word_1_21' title='bbox 475 780 575 844; x_wconf 87' lang='lat' dir='ltr'><strong>altera</strong></span> <span class='ocrx_word' id='word_1_22' title='bbox 602 780 735 866; x_wconf 86' lang='lat' dir='ltr'><strong>legimus</strong></span> <span class='ocrx_word' id='word_1_23' title='bbox 763 783 795 843; x_wconf 91' lang='lat' dir='ltr'><strong>in</strong></span> <span class='ocrx_word' id='word_1_24' title='bbox 821 781 916 845; x_wconf 84' lang='lat' dir='ltr'><strong>Most.</strong></span> <span class='ocrx_word' id='word_1_25' title='bbox 942 803 971 845; x_wconf 78' lang='lat' dir='ltr'><strong>a.</strong></span> <span class='ocrx_word' id='word_1_26' title='bbox 997 784 1087 846; x_wconf 73' lang='lat'><em>478:</em></span> <span class='ocrx_word' id='word_1_27' title='bbox 1114 781 1210 866; x_wconf 92' lang='lat' dir='ltr'><strong>„quid</strong></span> <span class='ocrx_word' id='word_1_28' title='bbox 1232 786 1317 848; x_wconf 83' lang='lat' dir='ltr'><strong>istuc</strong></span> 
     </span>
     <span class='ocr_line' id='line_1_6' title="bbox 141 885 1317 972; baseline 0.003 -20"><span class='ocrx_word' id='word_1_29' title='bbox 141 892 193 952; x_wconf 71' lang='lat' dir='ltr'><strong>est</strong></span> <span class='ocrx_word' id='word_1_30' title='bbox 215 885 351 953; x_wconf 70' lang='lat' dir='ltr'><strong>scelhste</strong></span> <span class='ocrx_word' id='word_1_31' title='bbox 374 891 429 951; x_wconf 82' lang='lat' dir='ltr'><strong>aut</strong></span> <span class='ocrx_word' id='word_1_32' title='bbox 451 888 521 972; x_wconf 89' lang='lat' dir='ltr'><strong>quis</strong></span> <span class='ocrx_word' id='word_1_33' title='bbox 544 887 580 952; x_wconf 85' lang='lat' dir='ltr'><strong>id</strong></span> <span class='ocrx_word' id='word_1_34' title='bbox 601 887 701 952; x_wconf 80' lang='lat' dir='ltr'><strong>fecit?</strong></span> <span class='ocrx_word' id='word_1_35' title='bbox 724 887 829 952; x_wconf 87' lang='lat' dir='ltr'><strong>cedo“.</strong></span> <span class='ocrx_word' id='word_1_36' title='bbox 868 887 931 951; x_wconf 89' lang='lat' dir='ltr'><strong>Pro</strong></span> <span class='ocrx_word' id='word_1_37' title='bbox 955 887 1123 966; x_wconf 85' lang='lat' dir='ltr'><strong>„sceleste“</strong></span> <span class='ocrx_word' id='word_1_38' title='bbox 1147 889 1240 954; x_wconf 90' lang='lat' dir='ltr'><strong>aliam</strong></span> <span class='ocrx_word' id='word_1_39' title='bbox 1263 913 1317 955; x_wconf 89' lang='lat' dir='ltr'><strong>ex·</strong></span> 
     </span>
     <span class='ocr_line' id='line_1_7' title="bbox 141 995 1317 1082; baseline 0.003 -24"><span class='ocrx_word' id='word_1_40' title='bbox 141 1002 324 1081; x_wconf 78' lang='lat' dir='ltr'><strong>spectamus</strong></span> <span class='ocrx_word' id='word_1_41' title='bbox 341 1017 462 1059; x_wconf 87' lang='lat' dir='ltr'><strong>vocem.</strong></span> <span class='ocrx_word' id='word_1_42' title='bbox 497 995 614 1059; x_wconf 85' lang='lat' dir='ltr'>Tranio</span> <span class='ocrx_word' id='word_1_43' title='bbox 631 997 723 1074; x_wconf 91' lang='lat' dir='ltr'><strong>enim,</strong></span> <span class='ocrx_word' id='word_1_44' title='bbox 739 997 793 1080; x_wconf 93' lang='lat' dir='ltr'><strong>qui</strong></span> <span class='ocrx_word' id='word_1_45' title='bbox 809 995 1041 1081; x_wconf 88' lang='lat' dir='ltr'><strong>Theopropidis</strong></span> <span class='ocrx_word' id='word_1_46' title='bbox 1057 1018 1206 1081; x_wconf 86' lang='lat' dir='ltr'><strong>angorem</strong></span> <span class='ocrx_word' id='word_1_47' title='bbox 1223 1019 1317 1082; x_wconf 89' lang='lat' dir='ltr'><strong>quam</strong></span> 
     </span>
     <span class='ocr_line' id='line_1_8' title="bbox 140 1100 1318 1190; baseline 0.003 -25"><span class='ocrx_word' id='word_1_48' title='bbox 140 1103 279 1166; x_wconf 84' lang='lat' dir='ltr'><strong>maxime</strong></span> <span class='ocrx_word' id='word_1_49' title='bbox 309 1124 423 1187; x_wconf 86' lang='lat' dir='ltr'><strong>augere</strong></span> <span class='ocrx_word' id='word_1_50' title='bbox 455 1100 564 1166; x_wconf 81' lang='lat' dir='ltr'><strong>studet</strong></span> <span class='ocrx_word' id='word_1_51' title='bbox 588 1126 616 1165; x_wconf 94' lang='lat' dir='ltr'><strong>v.</strong></span> <span class='ocrx_word' id='word_1_52' title='bbox 640 1106 704 1167; x_wconf 77' lang='lat'><strong>476</strong></span> <span class='ocrx_word' id='word_1_53' title='bbox 734 1102 843 1167; x_wconf 89' lang='lat' dir='ltr'><strong>verbis</strong></span> <span class='ocrx_word' id='word_1_54' title='bbox 872 1101 1016 1167; x_wconf 87' lang='lat' dir='ltr'><strong>obscuris</strong></span> <span class='ocrx_word' id='word_1_55' title='bbox 1046 1104 1184 1181; x_wconf 87' lang='lat' dir='ltr'><strong>„scelus“</strong></span> <span class='ocrx_word' id='word_1_56' title='bbox 1213 1106 1318 1190; x_wconf 90' lang='lat' dir='ltr'><strong>inquit</strong></span> 
     </span>
     <span class='ocr_line' id='line_1_9' title="bbox 140 1208 1317 1294; baseline 0.003 -22"><span class='ocrx_word' id='word_1_57' title='bbox 140 1210 321 1294; x_wconf 89' lang='lat' dir='ltr'><strong>„antiquam</strong></span> <span class='ocrx_word' id='word_1_58' title='bbox 344 1218 494 1274; x_wconf 89' lang='lat' dir='ltr'><strong>etvetus</strong></span> <span class='ocrx_word' id='word_1_59' title='bbox 517 1208 636 1273; x_wconf 81' lang='lat' dir='ltr'><strong>factum</strong></span> <span class='ocrx_word' id='word_1_60' title='bbox 662 1217 737 1273; x_wconf 87' lang='lat' dir='ltr'><strong>est“.</strong></span> <span class='ocrx_word' id='word_1_61' title='bbox 782 1209 856 1287; x_wconf 75' lang='lat' dir='ltr'><strong>Qua</strong></span> <span class='ocrx_word' id='word_1_62' title='bbox 885 1233 918 1273; x_wconf 89' lang='lat' dir='ltr'><strong>re</strong></span> <span class='ocrx_word' id='word_1_63' title='bbox 943 1208 1035 1274; x_wconf 90' lang='lat' dir='ltr'><strong>valde</strong></span> <span class='ocrx_word' id='word_1_64' title='bbox 1058 1211 1189 1274; x_wconf 80' lang='lat' dir='ltr'><strong>miratus</strong></span> <span class='ocrx_word' id='word_1_65' title='bbox 1212 1211 1317 1276; x_wconf 84' lang='lat' dir='ltr'><strong>Theo-</strong></span> 
     </span>
     <span class='ocr_line' id='line_1_10' title="bbox 139 1315 1316 1403; baseline 0.003 -23"><span class='ocrx_word' id='word_1_66' title='bbox 139 1315 302 1403; x_wconf 69' lang='lat' dir='ltr'><strong>propides</strong></span> <span class='ocrx_word' id='word_1_67' title='bbox 325 1317 380 1401; x_wconf 90' lang='lat' dir='ltr'><strong>qui</strong></span> <span class='ocrx_word' id='word_1_68' title='bbox 395 1339 453 1402; x_wconf 92' lang='lat' dir='ltr'><strong>per</strong></span> <span class='ocrx_word' id='word_1_69' title='bbox 467 1316 584 1380; x_wconf 87' lang='lat' dir='ltr'><strong>multos</strong></span> <span class='ocrx_word' id='word_1_70' title='bbox 601 1339 707 1396; x_wconf 89' lang='lat' dir='ltr'><strong>annos,</strong></span> <span class='ocrx_word' id='word_1_71' title='bbox 731 1315 846 1401; x_wconf 92' lang='lat' dir='ltr'><strong>quibus</strong></span> <span class='ocrx_word' id='word_1_72' title='bbox 862 1316 989 1381; x_wconf 91' lang='lat' dir='ltr'><strong>domum</strong></span> <span class='ocrx_word' id='word_1_73' title='bbox 1005 1316 1214 1395; x_wconf 85' lang='lat' dir='ltr'><strong>habitaverat,</strong></span> <span class='ocrx_word' id='word_1_74' title='bbox 1237 1319 1316 1383; x_wconf 93' lang='lat' dir='ltr'><strong>nihil</strong></span> 
     </span>
     <span class='ocr_line' id='line_1_11' title="bbox 142 1422 1318 1510; baseline 0.003 -24"><span class='ocrx_word' id='word_1_75' title='bbox 142 1422 299 1487; x_wconf 87' lang='lat' dir='ltr'><strong>eiusmodi</strong></span> <span class='ocrx_word' id='word_1_76' title='bbox 331 1423 512 1501; x_wconf 89' lang='lat' dir='ltr'><strong>audiverat,</strong></span> <span class='ocrx_word' id='word_1_77' title='bbox 545 1425 737 1509; x_wconf 84' lang='lat' dir='ltr'><strong>interrogat:</strong></span> <span class='ocrx_word' id='word_1_78' title='bbox 770 1425 992 1508; x_wconf 77' lang='lat' dir='ltr'><strong>„antiquom‘l“</strong></span> <span class='ocrx_word' id='word_1_79' title='bbox 1051 1423 1183 1503; x_wconf 85' lang='lat' dir='ltr'><strong>„Oerte“</strong></span> <span class='ocrx_word' id='word_1_80' title='bbox 1214 1427 1318 1510; x_wconf 91' lang='lat' dir='ltr'><strong>inquit</strong></span> 
     </span>
     <span class='ocr_line' id='line_1_12' title="bbox 141 1528 1317 1617; baseline 0.003 -23"><span class='ocrx_word' id='word_1_81' title='bbox 141 1529 261 1594; x_wconf 85' lang='lat' dir='ltr'><strong>Tranio</strong></span> <span class='ocrx_word' id='word_1_82' title='bbox 284 1528 359 1610; x_wconf 91' lang='lat' dir='ltr'><strong>„sed</strong></span> <span class='ocrx_word' id='word_1_83' title='bbox 386 1552 448 1594; x_wconf 90' lang='lat' dir='ltr'><strong>non</strong></span> <span class='ocrx_word' id='word_1_84' title='bbox 477 1532 689 1615; x_wconf 83' lang='lat' dir='ltr'><strong>comperimus</strong></span> <span class='ocrx_word' id='word_1_85' title='bbox 721 1532 782 1594; x_wconf 90' lang='lat' dir='ltr'><strong>nisi</strong></span> <span class='ocrx_word' id='word_1_86' title='bbox 805 1529 854 1593; x_wconf 89' lang='lat' dir='ltr'><strong>his</strong></span> <span class='ocrx_word' id='word_1_87' title='bbox 878 1529 1016 1610; x_wconf 89' lang='lat' dir='ltr'><strong>diebus“,</strong></span> <span class='ocrx_word' id='word_1_88' title='bbox 1046 1530 1087 1596; x_wconf 92' lang='lat' dir='ltr'><strong>ad</strong></span> <span class='ocrx_word' id='word_1_89' title='bbox 1116 1554 1195 1617; x_wconf 88' lang='lat' dir='ltr'><strong>quae</strong></span> <span class='ocrx_word' id='word_1_90' title='bbox 1220 1532 1317 1598; x_wconf 93' lang='lat' dir='ltr'><strong>verba</strong></span> 
     </span>
     <span class='ocr_line' id='line_1_13' title="bbox 143 1634 1318 1724; baseline 0.003 -24"><span class='ocrx_word' id='word_1_91' title='bbox 143 1634 387 1723; x_wconf 81' lang='lat' dir='ltr'><strong>Theopropides</strong></span> <span class='ocrx_word' id='word_1_92' title='bbox 411 1638 580 1724; x_wconf 85' lang='lat' dir='ltr'><strong>impatiens</strong></span> <span class='ocrx_word' id='word_1_93' title='bbox 600 1636 714 1716; x_wconf 85' lang='lat' dir='ltr'><strong>factus,</strong></span> <span class='ocrx_word' id='word_1_94' title='bbox 738 1646 774 1701; x_wconf 93' lang='lat' dir='ltr'><strong>ut</strong></span> <span class='ocrx_word' id='word_1_95' title='bbox 795 1636 924 1701; x_wconf 89' lang='lat' dir='ltr'><strong>tandem</strong></span> <span class='ocrx_word' id='word_1_96' title='bbox 944 1637 1091 1724; x_wconf 85' lang='lat' dir='ltr'><strong>explicet,</strong></span> <span class='ocrx_word' id='word_1_97' title='bbox 1114 1639 1207 1724; x_wconf 88' lang='lat' dir='ltr'><strong>quale</strong></span> <span class='ocrx_word' id='word_1_98' title='bbox 1230 1662 1318 1718; x_wconf 88' lang='lat' dir='ltr'><strong>„sce-</strong></span> 
     </span>
     <span class='ocr_line' id='line_1_14' title="bbox 140 1743 1317 1831; baseline 0.005 -24"><span class='ocrx_word' id='word_1_99' title='bbox 140 1743 211 1809; x_wconf 85' lang='lat' dir='ltr'><strong>lus“</strong></span> <span class='ocrx_word' id='word_1_100' title='bbox 233 1743 340 1824; x_wconf 79' lang='lat' dir='ltr'><strong>fuerit,</strong></span> <span class='ocrx_word' id='word_1_101' title='bbox 364 1767 434 1808; x_wconf 90' lang='lat' dir='ltr'><strong>eum</strong></span> <span class='ocrx_word' id='word_1_102' title='bbox 458 1743 650 1808; x_wconf 90' lang='lat' dir='ltr'><strong>adhortatur.</strong></span> <span class='ocrx_word' id='word_1_103' title='bbox 696 1744 809 1830; x_wconf 85' lang='lat' dir='ltr'><strong>ltaque</strong></span> <span class='ocrx_word' id='word_1_104' title='bbox 829 1743 965 1831; x_wconf 83' lang='lat' dir='ltr'><strong>Spengel</strong></span> <span class='ocrx_word' id='word_1_105' title='bbox 989 1747 1021 1808; x_wconf 93' lang='lat' dir='ltr'><strong>in</strong></span> <span class='ocrx_word' id='word_1_106' title='bbox 1039 1745 1152 1810; x_wconf 91' lang='lat' dir='ltr'><strong>Philol.</strong></span> <span class='ocrx_word' id='word_1_107' title='bbox 1169 1770 1198 1811; x_wconf 95' lang='lat' dir='ltr'><strong>v.</strong></span> <span class='ocrx_word' id='word_1_108' title='bbox 1211 1746 1317 1813; x_wconf 88' lang='lat' dir='ltr'><strong>XXV</strong></span> 
     </span>
     <span class='ocr_line' id='line_1_15' title="bbox 140 1851 1316 1939; baseline 0.004 -24"><span class='ocrx_word' id='word_1_109' title='bbox 140 1875 173 1938; x_wconf 88' lang='lat' dir='ltr'><strong>p.</strong></span> <span class='ocrx_word' id='word_1_110' title='bbox 200 1854 262 1916; x_wconf 77' lang='lat'><strong>170</strong></span> <span class='ocrx_word' id='word_1_111' title='bbox 279 1874 324 1937; x_wconf 90' lang='lat' dir='ltr'><strong>sq.</strong></span> <span class='ocrx_word' id='word_1_112' title='bbox 347 1860 433 1916; x_wconf 87' lang='lat' dir='ltr'><strong>recte</strong></span> <span class='ocrx_word' id='word_1_113' title='bbox 461 1851 521 1917; x_wconf 93' lang='lat' dir='ltr'><strong>hoc</strong></span> <span class='ocrx_word' id='word_1_114' title='bbox 544 1851 676 1916; x_wconf 91' lang='lat' dir='ltr'><strong>verbum</strong></span> <span class='ocrx_word' id='word_1_115' title='bbox 699 1854 731 1915; x_wconf 94' lang='lat' dir='ltr'><strong>in</strong></span> <span class='ocrx_word' id='word_1_116' title='bbox 755 1862 868 1939; x_wconf 88' lang='lat' dir='ltr'><strong>poetae</strong></span> <span class='ocrx_word' id='word_1_117' title='bbox 892 1852 988 1917; x_wconf 91' lang='lat' dir='ltr'><strong>verba</strong></span> <span class='ocrx_word' id='word_1_118' title='bbox 1016 1854 1152 1939; x_wconf 59' lang='lat' dir='ltr'><strong>recepit(</strong></span> <span class='ocrx_word' id='word_1_119' title='bbox 1160 1853 1316 1920; x_wconf 87' lang='lat' dir='ltr'><strong>scribens:</strong></span> 
     </span>
     <span class='ocr_line' id='line_1_16' title="bbox 127 1957 669 2044; baseline 0.006 -24"><span class='ocrx_word' id='word_1_120' title='bbox 127 1957 238 2044; x_wconf 87' lang='lat' dir='ltr'><strong>„quid</strong></span> <span class='ocrx_word' id='word_1_121' title='bbox 260 1960 344 2023; x_wconf 88' lang='lat' dir='ltr'><strong>istuc</strong></span> <span class='ocrx_word' id='word_1_122' title='bbox 368 1968 419 2024; x_wconf 86' lang='lat' dir='ltr'><strong>est</strong></span> <span class='ocrx_word' id='word_1_123' title='bbox 441 1960 586 2024; x_wconf 88' lang='lat' dir='ltr'><strong>sceleris“</strong></span> <span class='ocrx_word' id='word_1_124' title='bbox 609 1969 669 2024; x_wconf 91' lang='lat' dir='ltr'><strong>cet.</strong></span> 
     </span>
    </p>

    <p class='ocr_par' dir='ltr' id='par_1_4' title="bbox 139 2064 1317 2367">
     <span class='ocr_line' id='line_1_17' title="bbox 249 2064 1317 2146; baseline 0.003 -16"><span class='ocrx_word' id='word_1_125' title='bbox 249 2064 385 2131; x_wconf 81' lang='lat' dir='ltr'><strong>Senecta</strong></span> <span class='ocrx_word' id='word_1_126' title='bbox 408 2067 440 2129; x_wconf 94' lang='lat' dir='ltr'><strong>in</strong></span> <span class='ocrx_word' id='word_1_127' title='bbox 464 2068 560 2132; x_wconf 80' lang='lat' dir='ltr'><strong>Most.</strong></span> <span class='ocrx_word' id='word_1_128' title='bbox 579 2089 607 2132; x_wconf 81' lang='lat' dir='ltr'><strong>a.</strong></span> <span class='ocrx_word' id='word_1_129' title='bbox 629 2071 724 2131; x_wconf 52' lang='lat'><strong>217:</strong></span> <span class='ocrx_word' id='word_1_130' title='bbox 737 2067 830 2146; x_wconf 90' lang='lat' dir='ltr'><strong>„dum</strong></span> <span class='ocrx_word' id='word_1_131' title='bbox 853 2067 914 2132; x_wconf 85' lang='lat' dir='ltr'><strong>tibi</strong></span> <span class='ocrx_word' id='word_1_132' title='bbox 938 2089 1022 2131; x_wconf 91' lang='lat' dir='ltr'><strong>nunc</strong></span> <span class='ocrx_word' id='word_1_133' title='bbox 1045 2067 1124 2132; x_wconf 76' lang='lat' dir='ltr'><strong>haec</strong></span> <span class='ocrx_word' id='word_1_134' title='bbox 1147 2069 1317 2134; x_wconf 78' lang='lat' dir='ltr'><strong>aetatultst</strong></span> 
     </span>
     <span class='ocr_line' id='line_1_18' title="bbox 139 2173 1316 2261; baseline 0.004 -24"><span class='ocrx_word' id='word_1_135' title='bbox 139 2176 175 2238; x_wconf 93' lang='lat' dir='ltr'><strong>in</strong></span> <span class='ocrx_word' id='word_1_136' title='bbox 203 2177 331 2238; x_wconf 77' lang='lat' dir='ltr'><strong>senecta</strong></span> <span class='ocrx_word' id='word_1_137' title='bbox 360 2173 440 2238; x_wconf 80' lang='lat' dir='ltr'><strong>male</strong></span> <span class='ocrx_word' id='word_1_138' title='bbox 471 2181 619 2259; x_wconf 87' lang='lat' dir='ltr'><strong>querere“</strong></span> <span class='ocrx_word' id='word_1_139' title='bbox 650 2174 748 2239; x_wconf 85' lang='lat' dir='ltr'><strong>Klotz</strong></span> <span class='ocrx_word' id='word_1_140' title='bbox 781 2175 800 2238; x_wconf 94' lang='lat' dir='ltr'><strong>l.</strong></span> <span class='ocrx_word' id='word_1_141' title='bbox 825 2197 851 2240; x_wconf 89' lang='lat' dir='ltr'><strong>o.</strong></span> <span class='ocrx_word' id='word_1_142' title='bbox 875 2199 905 2261; x_wconf 89' lang='lat' dir='ltr'><strong>p.</strong></span> <span class='ocrx_word' id='word_1_143' title='bbox 930 2178 971 2239; x_wconf 83' lang='lat'><strong>92</strong></span> <span class='ocrx_word' id='word_1_144' title='bbox 999 2183 1208 2261; x_wconf 88' lang='lat' dir='ltr'><strong>transponens</strong></span> <span class='ocrx_word' id='word_1_145' title='bbox 1232 2184 1316 2256; x_wconf 88' lang='lat' dir='ltr'><strong>„est“</strong></span> 
     </span>
     <span class='ocr_line' id='line_1_19' title="bbox 141 2279 490 2367; baseline -0.003 -22"><span class='ocrx_word' id='word_1_146' title='bbox 141 2289 217 2367; x_wconf 83' lang='lat' dir='ltr'><strong>post</strong></span> <span class='ocrx_word' id='word_1_147' title='bbox 239 2279 334 2360; x_wconf 88' lang='lat' dir='ltr'><strong>‚,tibi“</strong></span> <span class='ocrx_word' id='word_1_148' title='bbox 357 2282 490 2345; x_wconf 90' lang='lat' dir='ltr'><strong>sanavit.</strong></span> 
     </span>
    </p>
   </div>
   <div class='ocr_carea' id='block_1_3' title="bbox 248 2384 1315 2474">
    <p class='ocr_par' dir='ltr' id='par_1_5' title="bbox 248 2384 1315 2474">
     <span class='ocr_line' id='line_1_20' title="bbox 248 2384 1315 2474; baseline 0.001 -22"><span class='ocrx_word' id='word_1_149' title='bbox 248 2384 420 2472; x_wconf 67' lang='lat' dir='ltr'><strong>Sequdstrc</strong></span> <span class='ocrx_word' id='word_1_150' title='bbox 449 2389 483 2451; x_wconf 93' lang='lat' dir='ltr'><strong>in</strong></span> <span class='ocrx_word' id='word_1_151' title='bbox 513 2389 611 2452; x_wconf 74' lang='lat' dir='ltr'><strong>Mera.</strong></span> <span class='ocrx_word' id='word_1_152' title='bbox 641 2411 670 2452; x_wconf 78' lang='lat' dir='ltr'><strong>a.</strong></span> <span class='ocrx_word' id='word_1_153' title='bbox 703 2392 786 2453; x_wconf 80' lang='lat'><em>737:</em></span> <span class='ocrx_word' id='word_1_154' title='bbox 821 2390 934 2466; x_wconf 72' lang='lat' dir='ltr'><strong>„immo</strong></span> <span class='ocrx_word' id='word_1_155' title='bbox 965 2390 1010 2452; x_wconf 89' lang='lat' dir='ltr'><strong>sic</strong></span> <span class='ocrx_word' id='word_1_156' title='bbox 1042 2394 1205 2474; x_wconf 76' lang='lat' dir='ltr'><strong>sequestro</strong></span> <span class='ocrx_word' id='word_1_157' title='bbox 1235 2390 1315 2454; x_wconf 83' lang='lat' dir='ltr'><strong>mihi</strong></span> 
     </span>
    </p>
   </div>
   <div class='ocr_carea' id='block_1_4' title="bbox 138 2491 1315 4191">
    <p class='ocr_par' dir='ltr' id='par_1_6' title="bbox 138 2491 1315 4191">
     <span class='ocr_line' id='line_1_21' title="bbox 146 2491 1314 2579; baseline 0.003 -21"><span class='ocrx_word' id='word_1_158' title='bbox 146 2491 256 2559; x_wconf 75' lang='lat' dir='ltr'><strong>dattst</strong></span> <span class='ocrx_word' id='word_1_159' title='bbox 301 2493 476 2579; x_wconf 56' lang='lat' dir='ltr'><strong>Intellego</strong></span> <span class='ocrx_word' id='word_1_160' title='bbox 503 2494 632 2579; x_wconf 83' lang='lat' dir='ltr'><strong>legitur,</strong></span> <span class='ocrx_word' id='word_1_161' title='bbox 661 2517 733 2558; x_wconf 92' lang='lat' dir='ltr'><strong>nam</strong></span> <span class='ocrx_word' id='word_1_162' title='bbox 757 2494 879 2558; x_wconf 85' lang='lat' dir='ltr'><strong>Klotzii</strong></span> <span class='ocrx_word' id='word_1_163' title='bbox 903 2495 1055 2559; x_wconf 86' lang='lat' dir='ltr'><strong>metiendi</strong></span> <span class='ocrx_word' id='word_1_164' title='bbox 1077 2497 1176 2560; x_wconf 92' lang='lat' dir='ltr'><strong>ratio:</strong></span> <span class='ocrx_word' id='word_1_165' title='bbox 1200 2494 1314 2576; x_wconf 76' lang='lat' dir='ltr'><strong>„irnmd</strong></span> 
     </span>
     <span class='ocr_line' id='line_1_22' title="bbox 144 2600 1315 2688; baseline 0.003 -23"><span class='ocrx_word' id='word_1_166' title='bbox 144 2603 209 2665; x_wconf 78' lang='lat' dir='ltr'><strong>slc“</strong></span> <span class='ocrx_word' id='word_1_167' title='bbox 224 2600 386 2687; x_wconf 88' lang='lat' dir='ltr'><strong>displicet.</strong></span> <span class='ocrx_word' id='word_1_168' title='bbox 432 2600 557 2665; x_wconf 88' lang='lat' dir='ltr'><strong>Ritschl</strong></span> <span class='ocrx_word' id='word_1_169' title='bbox 588 2623 645 2686; x_wconf 90' lang='lat' dir='ltr'><strong>pro</strong></span> <span class='ocrx_word' id='word_1_170' title='bbox 676 2603 756 2679; x_wconf 82' lang='lat' dir='ltr'><strong>,‚sio“</strong></span> <span class='ocrx_word' id='word_1_171' title='bbox 778 2601 893 2681; x_wconf 85' lang='lat' dir='ltr'><strong>„haec“</strong></span> <span class='ocrx_word' id='word_1_172' title='bbox 917 2601 1094 2682; x_wconf 85' lang='lat' dir='ltr'><strong>substituit,</strong></span> <span class='ocrx_word' id='word_1_173' title='bbox 1122 2603 1208 2688; x_wconf 91' lang='lat' dir='ltr'><strong>quod</strong></span> <span class='ocrx_word' id='word_1_174' title='bbox 1236 2603 1315 2669; x_wconf 91' lang='lat' dir='ltr'><strong>mihi</strong></span> 
     </span>
     <span class='ocr_line' id='line_1_23' title="bbox 143 2707 1315 2798; baseline 0.003 -26"><span class='ocrx_word' id='word_1_175' title='bbox 143 2708 194 2772; x_wconf 92' lang='lat' dir='ltr'><strong>vel</strong></span> <span class='ocrx_word' id='word_1_176' title='bbox 210 2730 247 2773; x_wconf 92' lang='lat' dir='ltr'><strong>ea</strong></span> <span class='ocrx_word' id='word_1_177' title='bbox 270 2707 311 2772; x_wconf 93' lang='lat' dir='ltr'><strong>de</strong></span> <span class='ocrx_word' id='word_1_178' title='bbox 335 2730 430 2772; x_wconf 91' lang='lat' dir='ltr'><strong>causa</strong></span> <span class='ocrx_word' id='word_1_179' title='bbox 449 2730 511 2772; x_wconf 91' lang='lat' dir='ltr'><strong>non</strong></span> <span class='ocrx_word' id='word_1_180' title='bbox 528 2707 688 2793; x_wconf 88' lang='lat' dir='ltr'><strong>probatur,</strong></span> <span class='ocrx_word' id='word_1_181' title='bbox 712 2708 797 2793; x_wconf 91' lang='lat' dir='ltr'><strong>quod</strong></span> <span class='ocrx_word' id='word_1_182' title='bbox 813 2718 907 2773; x_wconf 90' lang='lat' dir='ltr'><strong>antea</strong></span> <span class='ocrx_word' id='word_1_183' title='bbox 929 2709 1019 2789; x_wconf 89' lang='lat' dir='ltr'><strong>„illa“</strong></span> <span class='ocrx_word' id='word_1_184' title='bbox 1042 2712 1137 2790; x_wconf 85' lang='lat' dir='ltr'><strong>„ista“</strong></span> <span class='ocrx_word' id='word_1_185' title='bbox 1160 2709 1201 2775; x_wconf 91' lang='lat' dir='ltr'><strong>ad</strong></span> <span class='ocrx_word' id='word_1_186' title='bbox 1217 2712 1315 2798; x_wconf 82' lang='lat' dir='ltr'><strong>signi-</strong></span> 
     </span>
     <span class='ocr_line' id='line_1_24' title="bbox 140 2813 1314 2904; baseline 0.005 -26"><span class='ocrx_word' id='word_1_187' title='bbox 140 2813 300 2880; x_wconf 82' lang='lat' dir='ltr'><strong>ficandam</strong></span> <span class='ocrx_word' id='word_1_188' title='bbox 324 2815 482 2879; x_wconf 89' lang='lat' dir='ltr'><strong>servulam</strong></span> <span class='ocrx_word' id='word_1_189' title='bbox 505 2814 648 2880; x_wconf 90' lang='lat' dir='ltr'><strong>adhibita</strong></span> <span class='ocrx_word' id='word_1_190' title='bbox 672 2825 753 2880; x_wconf 87' lang='lat' dir='ltr'><strong>sunt.</strong></span> <span class='ocrx_word' id='word_1_191' title='bbox 791 2816 936 2896; x_wconf 88' lang='lat' dir='ltr'><strong>Mueller,</strong></span> <span class='ocrx_word' id='word_1_192' title='bbox 960 2839 1032 2882; x_wconf 89' lang='lat' dir='ltr'><strong>oum</strong></span> <span class='ocrx_word' id='word_1_193' title='bbox 1047 2817 1164 2882; x_wconf 83' lang='lat' dir='ltr'><strong>Festus</strong></span> <span class='ocrx_word' id='word_1_194' title='bbox 1188 2841 1314 2904; x_wconf 89' lang='lat' dir='ltr'><strong>quoque</strong></span> 
     </span>
     <span class='ocr_line' id='line_1_25' title="bbox 140 2922 1314 3010; baseline 0.004 -24"><span class='ocrx_word' id='word_1_195' title='bbox 140 2924 223 3002; x_wconf 79' lang='lat' dir='ltr'><strong>,‚sio“</strong></span> <span class='ocrx_word' id='word_1_196' title='bbox 245 2922 413 2987; x_wconf 90' lang='lat' dir='ltr'><strong>tradiderit</strong></span> <span class='ocrx_word' id='word_1_197' title='bbox 430 2932 463 2987; x_wconf 93' lang='lat' dir='ltr'><strong>et</strong></span> <span class='ocrx_word' id='word_1_198' title='bbox 485 2925 567 3001; x_wconf 88' lang='lat' dir='ltr'><strong>,‚sio“</strong></span> <span class='ocrx_word' id='word_1_199' title='bbox 586 2924 749 3009; x_wconf 89' lang='lat' dir='ltr'><strong>aptissime</strong></span> <span class='ocrx_word' id='word_1_200' title='bbox 766 2923 908 3008; x_wconf 90' lang='lat' dir='ltr'><strong>quadret,</strong></span> <span class='ocrx_word' id='word_1_201' title='bbox 931 2933 986 2989; x_wconf 88' lang='lat' dir='ltr'><strong>aut</strong></span> <span class='ocrx_word' id='word_1_202' title='bbox 1001 2932 1200 3010; x_wconf 88' lang='lat' dir='ltr'><strong>„sequestr0“</strong></span> <span class='ocrx_word' id='word_1_203' title='bbox 1216 2927 1314 2991; x_wconf 90' lang='lat' dir='ltr'><strong>altera</strong></span> 
     </span>
     <span class='ocr_line' id='line_1_26' title="bbox 139 3028 1313 3116; baseline 0.002 -22"><span class='ocrx_word' id='word_1_204' title='bbox 139 3028 230 3095; x_wconf 90' lang='lat' dir='ltr'><strong>brevi</strong></span> <span class='ocrx_word' id='word_1_205' title='bbox 246 3029 443 3115; x_wconf 91' lang='lat' dir='ltr'><strong>probandum</strong></span> <span class='ocrx_word' id='word_1_206' title='bbox 459 3039 514 3094; x_wconf 92' lang='lat' dir='ltr'><strong>aut</strong></span> <span class='ocrx_word' id='word_1_207' title='bbox 536 3032 617 3111; x_wconf 85' lang='lat' dir='ltr'><strong>,‚sio“</strong></span> <span class='ocrx_word' id='word_1_208' title='bbox 636 3030 906 3116; x_wconf 87' lang='lat' dir='ltr'><strong>transponendum</strong></span> <span class='ocrx_word' id='word_1_209' title='bbox 921 3041 1039 3097; x_wconf 91' lang='lat' dir='ltr'><strong>censet.</strong></span> <span class='ocrx_word' id='word_1_210' title='bbox 1078 3031 1313 3097; x_wconf 85' lang='lat' dir='ltr'><strong>Sententiarum</strong></span> 
     </span>
     <span class='ocr_line' id='line_1_27' title="bbox 140 3137 1315 3226; baseline 0.003 -24"><span class='ocrx_word' id='word_1_211' title='bbox 140 3137 340 3202; x_wconf 90' lang='lat' dir='ltr'><strong>cohaerentia</strong></span> <span class='ocrx_word' id='word_1_212' title='bbox 354 3137 433 3202; x_wconf 91' lang='lat' dir='ltr'><strong>haec</strong></span> <span class='ocrx_word' id='word_1_213' title='bbox 445 3146 507 3202; x_wconf 88' lang='lat' dir='ltr'><strong>est:</strong></span> <span class='ocrx_word' id='word_1_214' title='bbox 524 3137 677 3224; x_wconf 90' lang='lat' dir='ltr'><strong>Dorippa,</strong></span> <span class='ocrx_word' id='word_1_215' title='bbox 693 3160 772 3223; x_wconf 91' lang='lat' dir='ltr'><strong>quae</strong></span> <span class='ocrx_word' id='word_1_216' title='bbox 789 3137 894 3202; x_wconf 90' lang='lat' dir='ltr'><strong>subito</strong></span> <span class='ocrx_word' id='word_1_217' title='bbox 910 3162 981 3203; x_wconf 89' lang='lat' dir='ltr'><strong>rure</strong></span> <span class='ocrx_word' id='word_1_218' title='bbox 997 3141 1029 3203; x_wconf 93' lang='lat' dir='ltr'><strong>in</strong></span> <span class='ocrx_word' id='word_1_219' title='bbox 1047 3139 1156 3204; x_wconf 92' lang='lat' dir='ltr'><strong>urbem</strong></span> <span class='ocrx_word' id='word_1_220' title='bbox 1172 3162 1315 3226; x_wconf 84' lang='lat' dir='ltr'><strong>regressa</strong></span> 
     </span>
     <span class='ocr_line' id='line_1_28' title="bbox 141 3243 1314 3333; baseline 0.001 -24"><span class='ocrx_word' id='word_1_221' title='bbox 141 3243 300 3309; x_wconf 85' lang='lat' dir='ltr'><strong>servulam</strong></span> <span class='ocrx_word' id='word_1_222' title='bbox 325 3245 459 3308; x_wconf 90' lang='lat' dir='ltr'><strong>alienam</strong></span> <span class='ocrx_word' id='word_1_223' title='bbox 483 3246 515 3308; x_wconf 93' lang='lat' dir='ltr'><strong>in</strong></span> <span class='ocrx_word' id='word_1_224' title='bbox 538 3247 638 3330; x_wconf 88' lang='lat' dir='ltr'><strong>ipsius</strong></span> <span class='ocrx_word' id='word_1_225' title='bbox 662 3244 793 3309; x_wconf 91' lang='lat' dir='ltr'><strong>aedibus</strong></span> <span class='ocrx_word' id='word_1_226' title='bbox 817 3244 950 3324; x_wconf 89' lang='lat' dir='ltr'><strong>viderat,</strong></span> <span class='ocrx_word' id='word_1_227' title='bbox 973 3269 1045 3311; x_wconf 91' lang='lat' dir='ltr'><strong>cum</strong></span> <span class='ocrx_word' id='word_1_228' title='bbox 1069 3249 1207 3311; x_wconf 88' lang='lat' dir='ltr'><strong>nesciret</strong></span> <span class='ocrx_word' id='word_1_229' title='bbox 1222 3246 1314 3333; x_wconf 89' lang='lat' dir='ltr'><strong>Lysi-</strong></span> 
     </span>
     <span class='ocr_line' id='line_1_29' title="bbox 141 3351 1313 3439; baseline 0.003 -24"><span class='ocrx_word' id='word_1_230' title='bbox 141 3351 286 3416; x_wconf 90' lang='lat' dir='ltr'><strong>machum</strong></span> <span class='ocrx_word' id='word_1_231' title='bbox 318 3352 510 3434; x_wconf 79' lang='lat' dir='ltr'><strong>(maritum)</strong></span> <span class='ocrx_word' id='word_1_232' title='bbox 543 3351 753 3438; x_wconf 88' lang='lat' dir='ltr'><strong>Demiphonis</strong></span> <span class='ocrx_word' id='word_1_233' title='bbox 791 3354 885 3416; x_wconf 90' lang='lat' dir='ltr'><strong>amici</strong></span> <span class='ocrx_word' id='word_1_234' title='bbox 918 3375 1013 3417; x_wconf 89' lang='lat' dir='ltr'><strong>causa</strong></span> <span class='ocrx_word' id='word_1_235' title='bbox 1049 3353 1183 3439; x_wconf 90' lang='lat' dir='ltr'><strong>puellam</strong></span> <span class='ocrx_word' id='word_1_236' title='bbox 1218 3353 1313 3419; x_wconf 93' lang='lat' dir='ltr'><strong>domo</strong></span> 
     </span>
     <span class='ocr_line' id='line_1_30' title="bbox 139 3459 1313 3545; baseline 0.003 -24"><span class='ocrx_word' id='word_1_237' title='bbox 139 3461 298 3544; x_wconf 88' lang='lat' dir='ltr'><strong>recepisse</strong></span> <span class='ocrx_word' id='word_1_238' title='bbox 325 3459 412 3522; x_wconf 93' lang='lat' dir='ltr'><strong>illam</strong></span> <span class='ocrx_word' id='word_1_239' title='bbox 441 3481 509 3523; x_wconf 88' lang='lat' dir='ltr'><strong>esse</strong></span> <span class='ocrx_word' id='word_1_240' title='bbox 537 3461 732 3524; x_wconf 91' lang='lat' dir='ltr'><strong>meretricem</strong></span> <span class='ocrx_word' id='word_1_241' title='bbox 763 3461 868 3523; x_wconf 90' lang='lat' dir='ltr'><strong>mariti</strong></span> <span class='ocrx_word' id='word_1_242' title='bbox 896 3462 1025 3545; x_wconf 89' lang='lat' dir='ltr'><strong>opinata</strong></span> <span class='ocrx_word' id='word_1_243' title='bbox 1048 3460 1141 3525; x_wconf 91' lang='lat' dir='ltr'><strong>valde</strong></span> <span class='ocrx_word' id='word_1_244' title='bbox 1165 3463 1313 3545; x_wconf 87' lang='lat' dir='ltr'><strong>queritur,</strong></span> 
     </span>
     <span class='ocr_line' id='line_1_31' title="bbox 140 3565 1314 3653; baseline 0.003 -24"><span class='ocrx_word' id='word_1_245' title='bbox 140 3565 226 3651; x_wconf 92' lang='lat' dir='ltr'><strong>quod</strong></span> <span class='ocrx_word' id='word_1_246' title='bbox 248 3566 304 3630; x_wconf 84' lang='lat' dir='ltr'><strong>tali</strong></span> <span class='ocrx_word' id='word_1_247' title='bbox 329 3566 422 3631; x_wconf 90' lang='lat' dir='ltr'><strong>modo</strong></span> <span class='ocrx_word' id='word_1_248' title='bbox 439 3589 457 3630; x_wconf 88' lang='lat' dir='ltr'><strong>a</strong></span> <span class='ocrx_word' id='word_1_249' title='bbox 474 3568 542 3631; x_wconf 90' lang='lat' dir='ltr'><strong>viro</strong></span> <span class='ocrx_word' id='word_1_250' title='bbox 558 3566 745 3652; x_wconf 85' lang='lat' dir='ltr'><strong>decipiatur.</strong></span> <span class='ocrx_word' id='word_1_251' title='bbox 783 3566 897 3652; x_wconf 89' lang='lat' dir='ltr'><strong>Itaque</strong></span> <span class='ocrx_word' id='word_1_252' title='bbox 921 3569 1110 3653; x_wconf 84' lang='lat' dir='ltr'><strong>simulatque</strong></span> <span class='ocrx_word' id='word_1_253' title='bbox 1131 3567 1216 3633; x_wconf 92' lang='lat' dir='ltr'><strong>hunc</strong></span> <span class='ocrx_word' id='word_1_254' title='bbox 1231 3568 1314 3634; x_wconf 91' lang='lat' dir='ltr'><strong>vidit</strong></span> 
     </span>
     <span class='ocr_line' id='line_1_32' title="bbox 138 3673 1313 3761; baseline 0.003 -24"><span class='ocrx_word' id='word_1_255' title='bbox 138 3673 327 3760; x_wconf 86' lang='lat' dir='ltr'><strong>interrogat:</strong></span> <span class='ocrx_word' id='word_1_256' title='bbox 359 3676 452 3759; x_wconf 91' lang='lat' dir='ltr'><strong>quoia</strong></span> <span class='ocrx_word' id='word_1_257' title='bbox 481 3675 535 3738; x_wconf 91' lang='lat' dir='ltr'><strong>illa</strong></span> <span class='ocrx_word' id='word_1_258' title='bbox 557 3676 680 3739; x_wconf 77' lang='lat' dir='ltr'><strong>intust‘?</strong></span> <span class='ocrx_word' id='word_1_259' title='bbox 726 3675 935 3761; x_wconf 86' lang='lat' dir='ltr'><strong>Lysimachus</strong></span> <span class='ocrx_word' id='word_1_260' title='bbox 964 3685 1082 3755; x_wconf 86' lang='lat' dir='ltr'><strong>autem,</strong></span> <span class='ocrx_word' id='word_1_261' title='bbox 1113 3699 1153 3739; x_wconf 90' lang='lat' dir='ltr'><strong>ne</strong></span> <span class='ocrx_word' id='word_1_262' title='bbox 1177 3677 1313 3740; x_wconf 91' lang='lat' dir='ltr'><strong>amicum</strong></span> 
     </span>
     <span class='ocr_line' id='line_1_33' title="bbox 139 3760 1313 3869; baseline 0.003 -24"><span class='ocrx_word' id='word_1_263' title='bbox 139 3760 296 3868; x_wconf 83' lang='lat' dir='ltr'><strong>proderet,</strong></span> <span class='ocrx_word' id='word_1_264' title='bbox 318 3783 552 3867; x_wconf 81' lang='lat' dir='ltr'><strong>tergiversatur,</strong></span> <span class='ocrx_word' id='word_1_265' title='bbox 568 3805 630 3867; x_wconf 92' lang='lat' dir='ltr'><strong>qua</strong></span> <span class='ocrx_word' id='word_1_266' title='bbox 645 3806 678 3847; x_wconf 96' lang='lat' dir='ltr'><strong>re</strong></span> <span class='ocrx_word' id='word_1_267' title='bbox 694 3783 857 3868; x_wconf 91' lang='lat' dir='ltr'><strong>Dorippae</strong></span> <span class='ocrx_word' id='word_1_268' title='bbox 881 3785 1015 3869; x_wconf 88' lang='lat' dir='ltr'><strong>suspitio</strong></span> <span class='ocrx_word' id='word_1_269' title='bbox 1038 3785 1084 3847; x_wconf 91' lang='lat' dir='ltr'><strong>ita</strong></span> <span class='ocrx_word' id='word_1_270' title='bbox 1106 3792 1246 3869; x_wconf 85' lang='lat' dir='ltr'><strong>augetur,</strong></span> <span class='ocrx_word' id='word_1_271' title='bbox 1269 3792 1313 3863; x_wconf 89' lang='lat' dir='ltr'><strong>ut,</strong></span> 
     </span>
     <span class='ocr_line' id='line_1_34' title="bbox 139 3889 1313 3977; baseline 0.001 -24"><span class='ocrx_word' id='word_1_272' title='bbox 139 3911 212 3953; x_wconf 91' lang='lat' dir='ltr'><strong>cum</strong></span> <span class='ocrx_word' id='word_1_273' title='bbox 234 3889 288 3953; x_wconf 89' lang='lat' dir='ltr'><strong>ille</strong></span> <span class='ocrx_word' id='word_1_274' title='bbox 311 3889 432 3954; x_wconf 89' lang='lat' dir='ltr'><strong>diceret</strong></span> <span class='ocrx_word' id='word_1_275' title='bbox 460 3913 493 3953; x_wconf 90' lang='lat' dir='ltr'><strong>se</strong></span> <span class='ocrx_word' id='word_1_276' title='bbox 522 3890 562 3954; x_wconf 89' lang='lat' dir='ltr'><strong>de</strong></span> <span class='ocrx_word' id='word_1_277' title='bbox 586 3889 717 3954; x_wconf 89' lang='lat' dir='ltr'><strong>muliere</strong></span> <span class='ocrx_word' id='word_1_278' title='bbox 740 3892 801 3954; x_wconf 89' lang='lat' dir='ltr'><strong>ista</strong></span> <span class='ocrx_word' id='word_1_279' title='bbox 824 3890 961 3955; x_wconf 91' lang='lat' dir='ltr'><strong>iudicem</strong></span> <span class='ocrx_word' id='word_1_280' title='bbox 985 3914 1054 3955; x_wconf 88' lang='lat' dir='ltr'><strong>esse</strong></span> <span class='ocrx_word' id='word_1_281' title='bbox 1078 3900 1220 3977; x_wconf 89' lang='lat' dir='ltr'><strong>captum,</strong></span> <span class='ocrx_word' id='word_1_282' title='bbox 1248 3914 1313 3955; x_wconf 91' lang='lat' dir='ltr'><strong>res-</strong></span> 
     </span>
     <span class='ocr_line' id='line_1_35' title="bbox 139 3995 1313 4082; baseline 0.002 -22"><span class='ocrx_word' id='word_1_283' title='bbox 139 3995 291 4082; x_wconf 88' lang='lat' dir='ltr'><strong>pondeat:</strong></span> <span class='ocrx_word' id='word_1_284' title='bbox 324 3995 464 4075; x_wconf 80' lang='lat' dir='ltr'><strong>„ludex‘?</strong></span> <span class='ocrx_word' id='word_1_285' title='bbox 496 3997 565 4062; x_wconf 89' lang='lat' dir='ltr'><strong>Iam</strong></span> <span class='ocrx_word' id='word_1_286' title='bbox 589 4000 663 4062; x_wconf 89' lang='lat' dir='ltr'><strong>scic.</strong></span> <span class='ocrx_word' id='word_1_287' title='bbox 710 3997 785 4062; x_wconf 91' lang='lat' dir='ltr'><strong>Huc</strong></span> <span class='ocrx_word' id='word_1_288' title='bbox 808 4007 843 4062; x_wconf 91' lang='lat' dir='ltr'><strong>tu</strong></span> <span class='ocrx_word' id='word_1_289' title='bbox 866 4000 898 4061; x_wconf 91' lang='lat' dir='ltr'><strong>in</strong></span> <span class='ocrx_word' id='word_1_290' title='bbox 923 3999 1091 4063; x_wconf 90' lang='lat' dir='ltr'><strong>consilium</strong></span> <span class='ocrx_word' id='word_1_291' title='bbox 1115 3997 1313 4063; x_wconf 83' lang='lat' dir='ltr'><strong>advocavisti</strong></span> 
     </span>
     <span class='ocr_line' id='line_1_36' title="bbox 138 4103 1311 4191; baseline 0.003 -23"><span class='ocrx_word' id='word_1_292' title='bbox 138 4103 224 4168; x_wconf 87' lang='lat' dir='ltr'><strong>tibi“.</strong></span> <span class='ocrx_word' id='word_1_293' title='bbox 263 4105 472 4191; x_wconf 87' lang='lat' dir='ltr'><strong>Lysimachus</strong></span> <span class='ocrx_word' id='word_1_294' title='bbox 497 4104 601 4169; x_wconf 90' lang='lat' dir='ltr'><strong>denuc</strong></span> <span class='ocrx_word' id='word_1_295' title='bbox 625 4127 659 4169; x_wconf 91' lang='lat' dir='ltr'><strong>se</strong></span> <span class='ocrx_word' id='word_1_296' title='bbox 681 4105 818 4170; x_wconf 91' lang='lat' dir='ltr'><strong>iudicem</strong></span> <span class='ocrx_word' id='word_1_297' title='bbox 844 4128 914 4170; x_wconf 88' lang='lat' dir='ltr'><strong>esse</strong></span> <span class='ocrx_word' id='word_1_298' title='bbox 938 4106 1103 4172; x_wconf 89' lang='lat' dir='ltr'><strong>contendit</strong></span> <span class='ocrx_word' id='word_1_299' title='bbox 1125 4106 1173 4172; x_wconf 87' lang='lat' dir='ltr'><strong>his</strong></span> <span class='ocrx_word' id='word_1_300' title='bbox 1190 4104 1311 4171; x_wconf 88' lang='lat' dir='ltr'><strong>verbis:</strong></span> 
     </span>
    </p>
   </div>
   <div class='ocr_carea' id='block_1_5' title="bbox 0 0 1456 4710">
    <p class='ocr_par' dir='ltr' id='par_1_7' title="bbox 0 0 1456 4710">
     <span class='ocr_line' id='line_1_37' title="bbox 0 0 1456 4710; baseline 0 1"><span class='ocrx_word' id='word_1_301' title='bbox 0 0 1456 4710; x_wconf 95' lang='lat' dir='ltr'><strong> </strong></span> 
     </span>
    </p>
   </div>
  </div>
 </body>
</html>
