<?xml version="1.0" encoding="UTF-8"?>
<!DOCTYPE html PUBLIC "-//W3C//DTD XHTML 1.0 Transitional//EN"
    "http://www.w3.org/TR/xhtml1/DTD/xhtml1-transitional.dtd">
<html xmlns="http://www.w3.org/1999/xhtml" xml:lang="en" lang="en">
 <head>
  <title>
</title>
<meta http-equiv="Content-Type" content="text/html;charset=utf-8" />
  <meta name='ocr-system' content='tesseract 3.04.00' />
  <meta name='ocr-capabilities' content='ocr_page ocr_carea ocr_par ocr_line ocrx_word'/>
</head>
<body>
  <div class='ocr_page' id='page_1' title='image "./deplauticorrept00eschgoog_0096.png"; bbox 0 0 2904 4710; ppageno 0'>
   <div class='ocr_carea' id='block_1_1' title="bbox 660 302 700 366">
    <p class='ocr_par' dir='ltr' id='par_1_1' title="bbox 660 302 700 366">
     <span class='ocr_line' id='line_1_1' title="bbox 660 302 700 366; baseline 0 0"><span class='ocrx_word' id='word_1_1' title='bbox 660 302 700 366; x_wconf 84' lang='lat'>91</span> 
     </span>
    </p>
   </div>
   <div class='ocr_carea' id='block_1_2' title="bbox 554 497 813 563">
    <p class='ocr_par' dir='ltr' id='par_1_2' title="bbox 554 497 813 563">
     <span class='ocr_line' id='line_1_2' title="bbox 554 497 813 563; baseline 0.004 -2"><span class='ocrx_word' id='word_1_2' title='bbox 554 497 813 563; x_wconf 81' lang='lat' dir='ltr'>Pseudolus</span> 
     </span>
    </p>
   </div>
   <div class='ocr_carea' id='block_1_3' title="bbox 93 604 1262 775">
    <p class='ocr_par' dir='ltr' id='par_1_3' title="bbox 93 604 1262 775">
     <span class='ocr_line' id='line_1_3' title="bbox 203 604 1262 691; baseline 0.001 -23"><span class='ocrx_word' id='word_1_3' title='bbox 203 607 243 668; x_wconf 93' lang='grc'>69</span> <span class='ocrx_word' id='word_1_4' title='bbox 278 604 492 689; x_wconf 79' lang='lat' dir='ltr'>voluptitum‚</span> <span class='ocrx_word' id='word_1_5' title='bbox 534 608 618 670; x_wconf 87' lang='grc'><strong>1286</strong></span> <span class='ocrx_word' id='word_1_6' title='bbox 652 607 825 691; x_wconf 77' lang='lat' dir='ltr'>voluptati,</span> <span class='ocrx_word' id='word_1_7' title='bbox 864 609 926 671; x_wconf 91' lang='grc'><strong>537</strong></span> <span class='ocrx_word' id='word_1_8' title='bbox 961 604 1140 684; x_wconf 78' lang='grc'><strong>001001610,</strong></span> <span class='ocrx_word' id='word_1_9' title='bbox 1180 609 1262 670; x_wconf 88' lang='grc'><strong>1321</strong></span> 
     </span>
     <span class='ocr_line' id='line_1_4' title="bbox 93 709 335 775; baseline 0.008 -2"><span class='ocrx_word' id='word_1_10' title='bbox 93 709 335 775; x_wconf 83' lang='lat' dir='ltr'>lubentissumo.</span> 
     </span>
    </p>
   </div>
   <div class='ocr_carea' id='block_1_4' title="bbox 93 801 1266 1397">
    <p class='ocr_par' dir='ltr' id='par_1_4' title="bbox 93 801 1266 1397">
     <span class='ocr_line' id='line_1_5' title="bbox 588 801 772 866; baseline 0 -1"><span class='ocrx_word' id='word_1_11' title='bbox 588 801 772 866; x_wconf 86' lang='lat' dir='ltr'>Rudcns</span> 
     </span>
     <span class='ocr_line' id='line_1_6' title="bbox 201 907 1264 995; baseline 0.004 -25"><span class='ocrx_word' id='word_1_12' title='bbox 201 910 244 972; x_wconf 82' lang='lat'>54</span> <span class='ocrx_word' id='word_1_13' title='bbox 267 907 476 993; x_wconf 73' lang='lat' dir='ltr'>voluptarios,</span> <span class='ocrx_word' id='word_1_14' title='bbox 508 912 572 973; x_wconf 88' lang='grc'>459</span> <span class='ocrx_word' id='word_1_15' title='bbox 597 908 810 994; x_wconf 77' lang='lat' dir='ltr'>voluptatem,</span> <span class='ocrx_word' id='word_1_16' title='bbox 840 913 903 973; x_wconf 92' lang='grc'>477</span> <span class='ocrx_word' id='word_1_17' title='bbox 929 910 1145 995; x_wconf 66' lang='lat' dir='ltr'>magmatius,</span> <span class='ocrx_word' id='word_1_18' title='bbox 1180 913 1264 974; x_wconf 90' lang='grc'><strong>1324</strong></span> 
     </span>
     <span class='ocr_line' id='line_1_7' title="bbox 94 1013 322 1100; baseline 0.004 -23"><span class='ocrx_word' id='word_1_19' title='bbox 94 1013 322 1100; x_wconf 77' lang='lat' dir='ltr'>quadringinti.</span> 
     </span>
     <span class='ocr_line' id='line_1_8' title="bbox 584 1104 776 1170; baseline 0 -1"><span class='ocrx_word' id='word_1_20' title='bbox 584 1104 652 1169; x_wconf 84' lang='lat' dir='ltr'>Sti</span> <span class='ocrx_word' id='word_1_21' title='bbox 662 1128 680 1170; x_wconf 90' lang='lat' dir='ltr'>c</span> <span class='ocrx_word' id='word_1_22' title='bbox 690 1104 711 1169; x_wconf 97' lang='lat' dir='ltr'>h</span> <span class='ocrx_word' id='word_1_23' title='bbox 721 1129 742 1169; x_wconf 93' lang='lat' dir='ltr'>u</span> <span class='ocrx_word' id='word_1_24' title='bbox 753 1128 776 1169; x_wconf 94' lang='lat' dir='ltr'>s.</span> 
     </span>
     <span class='ocr_line' id='line_1_9' title="bbox 202 1212 1266 1300; baseline 0.001 -25"><span class='ocrx_word' id='word_1_25' title='bbox 202 1214 243 1275; x_wconf 91' lang='grc'>59</span> <span class='ocrx_word' id='word_1_26' title='bbox 264 1212 436 1291; x_wconf 72' lang='lat' dir='ltr'>voluntate,</span> <span class='ocrx_word' id='word_1_27' title='bbox 460 1215 523 1276; x_wconf 84' lang='lat'>226</span> <span class='ocrx_word' id='word_1_28' title='bbox 542 1213 770 1293; x_wconf 74' lang='lat' dir='ltr'>cavillationes,</span> <span class='ocrx_word' id='word_1_29' title='bbox 794 1217 834 1277; x_wconf 93' lang='grc'>62</span> <span class='ocrx_word' id='word_1_30' title='bbox 851 1213 1047 1299; x_wconf 72' lang='lat' dir='ltr'>supellectili,</span> <span class='ocrx_word' id='word_1_31' title='bbox 1072 1216 1134 1278; x_wconf 93' lang='grc'><strong>532</strong></span> <span class='ocrx_word' id='word_1_32' title='bbox 1152 1213 1266 1300; x_wconf 91' lang='lat' dir='ltr'>volup-</span> 
     </span>
     <span class='ocr_line' id='line_1_10' title="bbox 93 1317 430 1397; baseline 0.003 -16"><span class='ocrx_word' id='word_1_33' title='bbox 93 1317 223 1397; x_wconf 66' lang='lat' dir='ltr'>tatibus</span> <span class='ocrx_word' id='word_1_34' title='bbox 246 1320 430 1382; x_wconf 74' lang='lat' dir='ltr'>vicissatim.</span> 
     </span>
    </p>
   </div>
   <div class='ocr_carea' id='block_1_5' title="bbox 537 1408 821 1473">
    <p class='ocr_par' dir='ltr' id='par_1_5' title="bbox 537 1408 821 1473">
     <span class='ocr_line' id='line_1_11' title="bbox 537 1408 821 1473; baseline 0.004 -1"><span class='ocrx_word' id='word_1_35' title='bbox 537 1408 821 1473; x_wconf 87' lang='lat' dir='ltr'>Trinummus.</span> 
     </span>
    </p>
   </div>
   <div class='ocr_carea' id='block_1_6' title="bbox 93 1516 1266 1796">
    <p class='ocr_par' dir='ltr' id='par_1_6' title="bbox 93 1516 1266 1796">
     <span class='ocr_line' id='line_1_12' title="bbox 201 1516 1266 1600; baseline 0.003 -22"><span class='ocrx_word' id='word_1_36' title='bbox 201 1518 264 1578; x_wconf 91' lang='grc'>242</span> <span class='ocrx_word' id='word_1_37' title='bbox 290 1516 468 1600; x_wconf 70' lang='lat' dir='ltr'>sagittatus</span> <span class='ocrx_word' id='word_1_38' title='bbox 493 1518 556 1580; x_wconf 83' lang='lat'>389</span> <span class='ocrx_word' id='word_1_39' title='bbox 573 1519 738 1596; x_wconf 75' lang='lat' dir='ltr'>senectuti,</span> <span class='ocrx_word' id='word_1_40' title='bbox 761 1520 825 1580; x_wconf 89' lang='grc'>456</span> <span class='ocrx_word' id='word_1_41' title='bbox 842 1517 1056 1596; x_wconf 76' lang='lat' dir='ltr'>ferentinum,</span> <span class='ocrx_word' id='word_1_42' title='bbox 1081 1521 1143 1582; x_wconf 90' lang='grc'>726</span> <span class='ocrx_word' id='word_1_43' title='bbox 1160 1517 1266 1581; x_wconf 88' lang='lat' dir='ltr'>taber-</span> 
     </span>
     <span class='ocr_line' id='line_1_13' title="bbox 93 1621 883 1708; baseline 0.005 -24"><span class='ocrx_word' id='word_1_44' title='bbox 93 1621 216 1701; x_wconf 75' lang='lat' dir='ltr'>naculo,</span> <span class='ocrx_word' id='word_1_45' title='bbox 242 1624 326 1686; x_wconf 91' lang='grc'><strong>1116</strong></span> <span class='ocrx_word' id='word_1_46' title='bbox 352 1621 577 1708; x_wconf 77' lang='lat' dir='ltr'>voluptatibus,</span> <span class='ocrx_word' id='word_1_47' title='bbox 603 1626 687 1687; x_wconf 91' lang='grc'><strong>1166</strong></span> <span class='ocrx_word' id='word_1_48' title='bbox 712 1624 883 1688; x_wconf 73' lang='lat' dir='ltr'>voluntate.</span> 
     </span>
     <span class='ocr_line' id='line_1_14' title="bbox 524 1729 835 1796; baseline 0.003 -3"><span class='ocrx_word' id='word_1_49' title='bbox 524 1729 835 1796; x_wconf 88' lang='lat' dir='ltr'>Truculentus.</span> 
     </span>
    </p>
   </div>
   <div class='ocr_carea' id='block_1_7' title="bbox 202 1835 1151 1957">
    <p class='ocr_par' dir='ltr' id='par_1_7' title="bbox 202 1835 1151 1957">
     <span class='ocr_line' id='line_1_15' title="bbox 202 1835 1151 1957; baseline 0.002 -57"><span class='ocrx_word' id='word_1_50' title='bbox 202 1840 265 1901; x_wconf 94' lang='grc'>649</span> <span class='ocrx_word' id='word_1_51' title='bbox 289 1835 488 1957; x_wconf 61' lang='lat' dir='ltr'>Tarentinas,</span> <span class='ocrx_word' id='word_1_52' title='bbox 512 1841 576 1902; x_wconf 83' lang='lat'>685</span> <span class='ocrx_word' id='word_1_53' title='bbox 600 1838 829 1910; x_wconf 73' lang='lat' dir='ltr'>cavillitiones</span> <span class='ocrx_word' id='word_1_54' title='bbox 855 1841 915 1904; x_wconf 94' lang='grc'>761</span> <span class='ocrx_word' id='word_1_55' title='bbox 941 1840 1151 1924; x_wconf 79' lang='lat' dir='ltr'>magistratus.</span> 
     </span>
    </p>
   </div>
   <div class='ocr_carea' id='block_1_8' title="bbox 93 2002 1266 4231">
    <p class='ocr_par' dir='ltr' id='par_1_8' title="bbox 422 2002 936 2083">
     <span class='ocr_line' id='line_1_16' title="bbox 422 2002 936 2083; baseline 0.004 -21"><span class='ocrx_word' id='word_1_56' title='bbox 422 2002 454 2083; x_wconf 79' lang='grc' dir='ltr'>β)</span> <span class='ocrx_word' id='word_1_57' title='bbox 478 2009 584 2063; x_wconf 82' lang='lat' dir='ltr'>altera</span> <span class='ocrx_word' id='word_1_58' title='bbox 607 2011 727 2063; x_wconf 82' lang='lat' dir='ltr'>natura</span> <span class='ocrx_word' id='word_1_59' title='bbox 749 2010 849 2078; x_wconf 78' lang='lat' dir='ltr'>longa</span> <span class='ocrx_word' id='word_1_60' title='bbox 872 2012 936 2064; x_wconf 87' lang='grc'><strong>001.</strong></span> 
     </span>
    </p>

    <p class='ocr_par' dir='ltr' id='par_1_9' title="bbox 547 2125 816 2210">
     <span class='ocr_line' id='line_1_17' title="bbox 547 2125 816 2210; baseline 0.007 -23"><span class='ocrx_word' id='word_1_61' title='bbox 547 2125 816 2210; x_wconf 87' lang='lat' dir='ltr'>Amphitruo.</span> 
     </span>
    </p>

    <p class='ocr_par' dir='ltr' id='par_1_10' title="bbox 202 2212 795 2566">
     <span class='ocr_line' id='line_1_18' title="bbox 202 2212 484 2298; baseline 0 -21"><span class='ocrx_word' id='word_1_62' title='bbox 202 2215 265 2278; x_wconf 83' lang='lat'>930</span> <span class='ocrx_word' id='word_1_63' title='bbox 289 2212 484 2298; x_wconf 80' lang='lat' dir='ltr'>pudicitiam.</span> 
     </span>
     <span class='ocr_line' id='line_1_19' title="bbox 596 2302 765 2367; baseline -0.006 0"><span class='ocrx_word' id='word_1_64' title='bbox 596 2302 765 2367; x_wconf 86' lang='lat' dir='ltr'>Casina.</span> 
     </span>
     <span class='ocr_line' id='line_1_20' title="bbox 202 2391 455 2455; baseline 0 0"><span class='ocrx_word' id='word_1_65' title='bbox 202 2394 264 2455; x_wconf 91' lang='grc'>217</span> <span class='ocrx_word' id='word_1_66' title='bbox 291 2391 455 2455; x_wconf 80' lang='lat' dir='ltr'>nitoribus,</span> 
     </span>
     <span class='ocr_line' id='line_1_21' title="bbox 569 2481 795 2566; baseline 0.009 -23"><span class='ocrx_word' id='word_1_67' title='bbox 569 2481 795 2566; x_wconf 86' lang='lat' dir='ltr'>Epidicus.</span> 
     </span>
    </p>

    <p class='ocr_par' dir='ltr' id='par_1_11' title="bbox 201 2568 582 2654">
     <span class='ocr_line' id='line_1_22' title="bbox 201 2568 582 2654; baseline 0 -20"><span class='ocrx_word' id='word_1_68' title='bbox 201 2572 275 2648; x_wconf 87' lang='grc'><strong>465,</strong></span> <span class='ocrx_word' id='word_1_69' title='bbox 300 2573 362 2633; x_wconf 89' lang='grc'><strong>541</strong></span> <span class='ocrx_word' id='word_1_70' title='bbox 388 2568 582 2654; x_wconf 80' lang='lat' dir='ltr'>pudicitiam.</span> 
     </span>
    </p>

    <p class='ocr_par' dir='ltr' id='par_1_12' title="bbox 537 2677 820 2742">
     <span class='ocr_line' id='line_1_23' title="bbox 537 2677 820 2742; baseline 0.004 -3"><span class='ocrx_word' id='word_1_71' title='bbox 537 2677 820 2742; x_wconf 81' lang='lat' dir='ltr'>Menaechmi.</span> 
     </span>
    </p>

    <p class='ocr_par' dir='ltr' id='par_1_13' title="bbox 202 2764 450 2831">
     <span class='ocr_line' id='line_1_24' title="bbox 202 2764 450 2831; baseline 0.004 -2"><span class='ocrx_word' id='word_1_72' title='bbox 202 2769 241 2830; x_wconf 90' lang='grc'>37</span> <span class='ocrx_word' id='word_1_73' title='bbox 269 2764 450 2831; x_wconf 72' lang='grc'><strong>8000011000.</strong></span> 
     </span>
    </p>

    <p class='ocr_par' dir='ltr' id='par_1_14' title="bbox 565 2856 796 2921">
     <span class='ocr_line' id='line_1_25' title="bbox 565 2856 796 2921; baseline 0.004 -2"><span class='ocrx_word' id='word_1_74' title='bbox 565 2856 796 2921; x_wconf 80' lang='lat' dir='ltr'>Mercator.</span> 
     </span>
    </p>

    <p class='ocr_par' dir='ltr' id='par_1_15' title="bbox 201 2947 469 3010">
     <span class='ocr_line' id='line_1_26' title="bbox 201 2947 469 3010; baseline 0 -1"><span class='ocrx_word' id='word_1_75' title='bbox 201 2948 264 3009; x_wconf 92' lang='grc'>846</span> <span class='ocrx_word' id='word_1_76' title='bbox 289 2947 469 3010; x_wconf 81' lang='lat' dir='ltr'>amicitiam.</span> 
     </span>
    </p>

    <p class='ocr_par' dir='ltr' id='par_1_16' title="bbox 93 3069 1266 4231">
     <span class='ocr_line' id='line_1_27' title="bbox 201 3069 1264 3158; baseline 0 -24"><span class='ocrx_word' id='word_1_77' title='bbox 201 3069 479 3136; x_wconf 84' lang='lat' dir='ltr'>Substantivorum</span> <span class='ocrx_word' id='word_1_78' title='bbox 495 3073 601 3156; x_wconf 82' lang='lat' dir='ltr'>igitur,</span> <span class='ocrx_word' id='word_1_79' title='bbox 620 3094 699 3156; x_wconf 87' lang='lat' dir='ltr'>quac</span> <span class='ocrx_word' id='word_1_80' title='bbox 715 3072 787 3157; x_wconf 91' lang='lat' dir='ltr'>plus</span> <span class='ocrx_word' id='word_1_81' title='bbox 804 3095 898 3156; x_wconf 88' lang='lat' dir='ltr'>quam</span> <span class='ocrx_word' id='word_1_82' title='bbox 914 3082 978 3137; x_wconf 89' lang='lat' dir='ltr'>tres</span> <span class='ocrx_word' id='word_1_83' title='bbox 994 3071 1113 3136; x_wconf 89' lang='lat' dir='ltr'>habent</span> <span class='ocrx_word' id='word_1_84' title='bbox 1127 3071 1264 3158; x_wconf 87' lang='lat' dir='ltr'>syllabas</span> 
     </span>
     <span class='ocr_line' id='line_1_28' title="bbox 93 3177 1264 3265; baseline 0.001 -24"><span class='ocrx_word' id='word_1_85' title='bbox 93 3200 151 3264; x_wconf 91' lang='lat' dir='ltr'>pro</span> <span class='ocrx_word' id='word_1_86' title='bbox 176 3179 235 3257; x_wconf 83' lang='grc'><strong>010,</strong></span> <span class='ocrx_word' id='word_1_87' title='bbox 265 3200 345 3262; x_wconf 84' lang='lat' dir='ltr'>quac</span> <span class='ocrx_word' id='word_1_88' title='bbox 368 3187 432 3242; x_wconf 87' lang='lat' dir='ltr'>tres</span> <span class='ocrx_word' id='word_1_89' title='bbox 457 3177 594 3264; x_wconf 87' lang='lat' dir='ltr'>syllabas</span> <span class='ocrx_word' id='word_1_90' title='bbox 618 3178 751 3257; x_wconf 88' lang='lat' dir='ltr'>habeut,</span> <span class='ocrx_word' id='word_1_91' title='bbox 781 3202 840 3243; x_wconf 90' lang='lat' dir='ltr'>nec</span> <span class='ocrx_word' id='word_1_92' title='bbox 862 3188 913 3243; x_wconf 88' lang='lat' dir='ltr'>tot</span> <span class='ocrx_word' id='word_1_93' title='bbox 934 3181 1114 3265; x_wconf 88' lang='lat' dir='ltr'>incorrepta</span> <span class='ocrx_word' id='word_1_94' title='bbox 1138 3188 1170 3242; x_wconf 85' lang='grc'>01</span> <span class='ocrx_word' id='word_1_95' title='bbox 1193 3179 1264 3264; x_wconf 91' lang='lat' dir='ltr'>plus</span> 
     </span>
     <span class='ocr_line' id='line_1_29' title="bbox 94 3285 1265 3372; baseline 0 -22"><span class='ocrx_word' id='word_1_96' title='bbox 94 3295 240 3370; x_wconf 85' lang='lat' dir='ltr'>correpta</span> <span class='ocrx_word' id='word_1_97' title='bbox 263 3294 345 3349; x_wconf 91' lang='lat' dir='ltr'>sunt.</span> <span class='ocrx_word' id='word_1_98' title='bbox 379 3285 543 3370; x_wconf 83' lang='lat' dir='ltr'>Leguntur</span> <span class='ocrx_word' id='word_1_99' title='bbox 566 3288 649 3349; x_wconf 90' lang='lat' dir='ltr'>enim</span> <span class='ocrx_word' id='word_1_100' title='bbox 672 3309 730 3371; x_wconf 93' lang='lat' dir='ltr'>pro</span> <span class='ocrx_word' id='word_1_101' title='bbox 747 3289 820 3366; x_wconf 84' lang='lat'><strong>335,</strong></span> <span class='ocrx_word' id='word_1_102' title='bbox 844 3309 975 3371; x_wconf 90' lang='lat' dir='ltr'>quorum</span> <span class='ocrx_word' id='word_1_103' title='bbox 995 3287 1093 3350; x_wconf 88' lang='lat' dir='ltr'>altera</span> <span class='ocrx_word' id='word_1_104' title='bbox 1108 3289 1265 3372; x_wconf 85' lang='lat' dir='ltr'>positione</span> 
     </span>
     <span class='ocr_line' id='line_1_30' title="bbox 94 3394 1266 3480; baseline 0.002 -25"><span class='ocrx_word' id='word_1_105' title='bbox 94 3394 189 3479; x_wconf 86' lang='lat' dir='ltr'>longa</span> <span class='ocrx_word' id='word_1_106' title='bbox 211 3415 274 3456; x_wconf 95' lang='lat' dir='ltr'>non</span> <span class='ocrx_word' id='word_1_107' title='bbox 297 3394 479 3477; x_wconf 86' lang='lat' dir='ltr'>corripitur,</span> <span class='ocrx_word' id='word_1_108' title='bbox 510 3396 551 3456; x_wconf 88' lang='lat'>83</span> <span class='ocrx_word' id='word_1_109' title='bbox 576 3403 735 3479; x_wconf 88' lang='lat' dir='ltr'>correpta,</span> <span class='ocrx_word' id='word_1_110' title='bbox 767 3402 800 3457; x_wconf 90' lang='grc'>01</span> <span class='ocrx_word' id='word_1_111' title='bbox 821 3417 879 3480; x_wconf 94' lang='lat' dir='ltr'>pro</span> <span class='ocrx_word' id='word_1_112' title='bbox 904 3398 981 3471; x_wconf 86' lang='lat'><strong>633,</strong></span> <span class='ocrx_word' id='word_1_113' title='bbox 1011 3415 1144 3479; x_wconf 92' lang='lat' dir='ltr'>quorum</span> <span class='ocrx_word' id='word_1_114' title='bbox 1167 3394 1266 3458; x_wconf 89' lang='lat' dir='ltr'>altera</span> 
     </span>
     <span class='ocr_line' id='line_1_31' title="bbox 93 3500 1265 3586; baseline 0 -22"><span class='ocrx_word' id='word_1_115' title='bbox 93 3509 206 3564; x_wconf 89' lang='lat' dir='ltr'>natura</span> <span class='ocrx_word' id='word_1_116' title='bbox 229 3500 323 3584; x_wconf 83' lang='lat' dir='ltr'>longa</span> <span class='ocrx_word' id='word_1_117' title='bbox 346 3508 403 3577; x_wconf 88' lang='lat' dir='ltr'>est,</span> <span class='ocrx_word' id='word_1_118' title='bbox 426 3522 487 3562; x_wconf 92' lang='lat' dir='ltr'>non</span> <span class='ocrx_word' id='word_1_119' title='bbox 512 3502 665 3585; x_wconf 86' lang='lat' dir='ltr'>correptis</span> <span class='ocrx_word' id='word_1_120' title='bbox 692 3504 731 3564; x_wconf 90' lang='grc'><strong>13</strong></span> <span class='ocrx_word' id='word_1_121' title='bbox 754 3509 908 3586; x_wconf 87' lang='lat' dir='ltr'>correpta,</span> <span class='ocrx_word' id='word_1_122' title='bbox 931 3501 981 3565; x_wconf 92' lang='lat' dir='ltr'>vel</span> <span class='ocrx_word' id='word_1_123' title='bbox 1005 3501 1131 3564; x_wconf 91' lang='lat' dir='ltr'>illorum</span> <span class='ocrx_word' id='word_1_124' title='bbox 1156 3505 1265 3580; x_wconf 92' lang='grc'><strong>24,75,</strong></span> 
     </span>
     <span class='ocr_line' id='line_1_32' title="bbox 94 3607 1265 3694; baseline 0 -23"><span class='ocrx_word' id='word_1_125' title='bbox 94 3607 205 3671; x_wconf 91' lang='lat' dir='ltr'>horum</span> <span class='ocrx_word' id='word_1_126' title='bbox 230 3611 303 3686; x_wconf 84' lang='lat'><strong>2,04</strong></span> <span class='ocrx_word' id='word_1_127' title='bbox 327 3616 472 3692; x_wconf 85' lang='lat' dir='ltr'>correpta</span> <span class='ocrx_word' id='word_1_128' title='bbox 501 3629 559 3692; x_wconf 90' lang='lat' dir='ltr'>pro</span> <span class='ocrx_word' id='word_1_129' title='bbox 592 3610 654 3672; x_wconf 84' lang='lat'>100</span> <span class='ocrx_word' id='word_1_130' title='bbox 686 3630 749 3671; x_wconf 87' lang='lat' dir='ltr'>non</span> <span class='ocrx_word' id='word_1_131' title='bbox 779 3610 941 3694; x_wconf 78' lang='lat' dir='ltr'>correptis,</span> <span class='ocrx_word' id='word_1_132' title='bbox 987 3608 1167 3671; x_wconf 85' lang='lat' dir='ltr'>Discrimen</span> <span class='ocrx_word' id='word_1_133' title='bbox 1191 3630 1265 3692; x_wconf 82' lang='lat' dir='ltr'>orgo</span> 
     </span>
     <span class='ocr_line' id='line_1_33' title="bbox 94 3714 1266 3800; baseline 0.001 -22"><span class='ocrx_word' id='word_1_134' title='bbox 94 3717 177 3778; x_wconf 87' lang='lat' dir='ltr'>inter</span> <span class='ocrx_word' id='word_1_135' title='bbox 208 3737 318 3793; x_wconf 82' lang='grc'><strong>00000,</strong></span> <span class='ocrx_word' id='word_1_136' title='bbox 353 3737 484 3799; x_wconf 88' lang='lat' dir='ltr'>quarum</span> <span class='ocrx_word' id='word_1_137' title='bbox 518 3714 617 3778; x_wconf 88' lang='lat' dir='ltr'>altera</span> <span class='ocrx_word' id='word_1_138' title='bbox 649 3717 805 3800; x_wconf 87' lang='lat' dir='ltr'>positione</span> <span class='ocrx_word' id='word_1_139' title='bbox 840 3723 873 3778; x_wconf 89' lang='grc'>01</span> <span class='ocrx_word' id='word_1_140' title='bbox 904 3737 971 3795; x_wconf 85' lang='lat' dir='ltr'>eae,</span> <span class='ocrx_word' id='word_1_141' title='bbox 1006 3738 1135 3800; x_wconf 91' lang='lat' dir='ltr'>quarum</span> <span class='ocrx_word' id='word_1_142' title='bbox 1166 3715 1266 3779; x_wconf 85' lang='lat' dir='ltr'>altera</span> 
     </span>
     <span class='ocr_line' id='line_1_34' title="bbox 95 3821 1265 3907; baseline 0.001 -21"><span class='ocrx_word' id='word_1_143' title='bbox 95 3830 207 3886; x_wconf 86' lang='lat' dir='ltr'>natura</span> <span class='ocrx_word' id='word_1_144' title='bbox 229 3821 323 3907; x_wconf 83' lang='lat' dir='ltr'>longa</span> <span class='ocrx_word' id='word_1_145' title='bbox 347 3831 409 3899; x_wconf 89' lang='lat' dir='ltr'>ost,</span> <span class='ocrx_word' id='word_1_146' title='bbox 439 3821 734 3885; x_wconf 80' lang='lat' dir='ltr'>manifestissimum</span> <span class='ocrx_word' id='word_1_147' title='bbox 759 3830 808 3886; x_wconf 90' lang='grc'>001</span> <span class='ocrx_word' id='word_1_148' title='bbox 815 3846 823 3901; x_wconf 84' lang='lat'>3</span> <span class='ocrx_word' id='word_1_149' title='bbox 855 3822 979 3886; x_wconf 89' lang='lat' dir='ltr'>illarum</span> <span class='ocrx_word' id='word_1_150' title='bbox 1004 3824 1086 3886; x_wconf 92' lang='lat' dir='ltr'>enim</span> <span class='ocrx_word' id='word_1_151' title='bbox 1111 3844 1173 3885; x_wconf 94' lang='lat' dir='ltr'>non</span> <span class='ocrx_word' id='word_1_152' title='bbox 1197 3845 1265 3887; x_wconf 90' lang='lat' dir='ltr'>cor-</span> 
     </span>
     <span class='ocr_line' id='line_1_35' title="bbox 94 3929 1264 4016; baseline -0.002 -22"><span class='ocrx_word' id='word_1_153' title='bbox 94 3939 254 4016; x_wconf 89' lang='lat' dir='ltr'>reptarnm</span> <span class='ocrx_word' id='word_1_154' title='bbox 289 3952 436 3992; x_wconf 88' lang='lat' dir='ltr'>numerus</span> <span class='ocrx_word' id='word_1_155' title='bbox 472 3929 603 3993; x_wconf 90' lang='lat' dir='ltr'>dimidio</span> <span class='ocrx_word' id='word_1_156' title='bbox 638 3929 705 3993; x_wconf 79' lang='lat' dir='ltr'>iere</span> <span class='ocrx_word' id='word_1_157' title='bbox 739 3931 840 3993; x_wconf 88' lang='lat' dir='ltr'>minor</span> <span class='ocrx_word' id='word_1_158' title='bbox 875 3938 925 3994; x_wconf 87' lang='lat' dir='ltr'>est</span> <span class='ocrx_word' id='word_1_159' title='bbox 958 3953 1051 4015; x_wconf 89' lang='lat' dir='ltr'>quam</span> <span class='ocrx_word' id='word_1_160' title='bbox 1086 3929 1158 4009; x_wconf 85' lang='lat' dir='ltr'>hae,</span> <span class='ocrx_word' id='word_1_161' title='bbox 1192 3952 1264 3993; x_wconf 90' lang='lat' dir='ltr'>cum</span> 
     </span>
     <span class='ocr_line' id='line_1_36' title="bbox 95 4035 1266 4123; baseline -0.001 -22"><span class='ocrx_word' id='word_1_162' title='bbox 95 4059 244 4101; x_wconf 86' lang='lat' dir='ltr'>numerus</span> <span class='ocrx_word' id='word_1_163' title='bbox 268 4046 482 4121; x_wconf 75' lang='lat' dir='ltr'>correptorum</span> <span class='ocrx_word' id='word_1_164' title='bbox 505 4036 561 4100; x_wconf 86' lang='lat' dir='ltr'>has</span> <span class='ocrx_word' id='word_1_165' title='bbox 578 4035 750 4101; x_wconf 88' lang='lat' dir='ltr'>duodecies</span> <span class='ocrx_word' id='word_1_166' title='bbox 766 4037 834 4101; x_wconf 81' lang='lat' dir='ltr'>fere</span> <span class='ocrx_word' id='word_1_167' title='bbox 851 4047 986 4123; x_wconf 84' lang='lat' dir='ltr'>superet</span> <span class='ocrx_word' id='word_1_168' title='bbox 1024 4038 1136 4122; x_wconf 85' lang='lat' dir='ltr'>Itaque</span> <span class='ocrx_word' id='word_1_169' title='bbox 1160 4037 1266 4100; x_wconf 81' lang='lat' dir='ltr'>iacere</span> 
     </span>
     <span class='ocr_line' id='line_1_37' title="bbox 95 4144 1266 4231; baseline 0 -23"><span class='ocrx_word' id='word_1_170' title='bbox 95 4169 158 4208; x_wconf 93' lang='lat' dir='ltr'>non</span> <span class='ocrx_word' id='word_1_171' title='bbox 191 4167 373 4231; x_wconf 88' lang='lat' dir='ltr'>possumus,</span> <span class='ocrx_word' id='word_1_172' title='bbox 406 4146 480 4228; x_wconf 91' lang='lat' dir='ltr'>quin</span> <span class='ocrx_word' id='word_1_173' title='bbox 514 4144 592 4207; x_wconf 88' lang='lat' dir='ltr'>hacc</span> <span class='ocrx_word' id='word_1_174' title='bbox 624 4144 722 4208; x_wconf 91' lang='lat' dir='ltr'>verba</span> <span class='ocrx_word' id='word_1_175' title='bbox 754 4146 935 4209; x_wconf 87' lang='lat' dir='ltr'>cautissime</span> <span class='ocrx_word' id='word_1_176' title='bbox 967 4153 1146 4209; x_wconf 85' lang='lat' dir='ltr'>tractemus.</span> <span class='ocrx_word' id='word_1_177' title='bbox 1197 4145 1266 4208; x_wconf 87' lang='lat' dir='ltr'>Nec</span> 
     </span>
    </p>
   </div>
   <div class='ocr_carea' id='block_1_9' title="bbox 1072 4269 1107 4322">
    <p class='ocr_par' dir='ltr' id='par_1_17' title="bbox 1072 4269 1107 4322">
     <span class='ocr_line' id='line_1_38' title="bbox 1072 4269 1107 4322; baseline 0 -24"><span class='ocrx_word' id='word_1_178' title='bbox 1072 4269 1107 4322; x_wconf 63' lang='grc'>7*</span> 
     </span>
    </p>
   </div>
   <div class='ocr_carea' id='block_1_10' title="bbox 0 0 1459 4710">
    <p class='ocr_par' dir='ltr' id='par_1_18' title="bbox 0 0 1459 4710">
     <span class='ocr_line' id='line_1_39' title="bbox 0 0 1459 4710; baseline 0 0"><span class='ocrx_word' id='word_1_179' title='bbox 0 0 1459 4710; x_wconf 95' lang='lat' dir='ltr'> </span> 
     </span>
    </p>
   </div>
  </div>
 </body>
</html>
