2904 4710
628 239 668 299 73

242 487 274 569 β)
299 494 405 549 altera
427 496 548 548 natura
570 495 671 562 longa
695 496 853 562 correpta
874 493 1054 550 invenitur.

169 645 261 710 llum.
287 667 316 709 v.
346 649 436 709 687:
466 668 615 730 „sequere
639 649 724 709 intro
747 609 948 724 meAamabo,
976 652 1044 710 mea
1067 645 1232 730 voluptas“

56 760 159 816 sonat
206 750 287 815 Cum
315 750 437 816 formae
461 754 549 816 vocis
578 752 704 817 amandi
727 754 799 838 plus
827 776 920 839 quam
945 752 1109 816 ducenties
1133 754 1232 817 vicies

55 859 158 924 altera
180 880 244 922 non
274 867 419 945 correpta
432 859 598 946 ¹legantur,
629 861 662 922 in
686 859 715 923 h.
739 884 768 925 v.
792 868 971 946 correptum
995 882 1064 923 esse
1088 859 1233 938 „amabo“

55 965 147 1031 credi
169 987 233 1029 non
257 974 371 1051 potest.
417 966 518 1031 Recte
541 968 639 1052 igitur
662 967 796 1031 Bothius
819 975 913 1046 „me“,
937 965 1022 1051 quod
1046 989 1233 1052 supervaca-

54 1095 154 1138 neum
177 1081 235 1152 est,
257 1072 387 1137 delevit.

167 1181 266 1244 Mero.
291 1203 321 1244 o.
352 1183 420 1244 804
429 1207 440 1244 .·
475 1203 545 1259 „rus
569 1180 675 1245 abisse
699 1181 830 1259 aiebant,
860 1203 943 1245 nuno
966 1180 1093 1244 domum
1117 1203 1233 1244 renun-

54 1288 122 1352 tio“
145 1286 286 1351 iamdiu
310 1288 440 1350 minima
463 1289 636 1352 mutatione
660 1298 820 1352 correctus
845 1298 915 1352 est.

167 1394 285 1459 Pseud.
303 1417 333 1459 o.
346 1398 413 1459 168
435 1417 528 1479 quem
552 1418 660 1459 omnes
677 1395 813 1473 codices,
837 1398 931 1460 etiam
948 1396 978 1458 A
1002 1396 1048 1458 sic
1064 1394 1231 1480 praebent:

56 1500 169 1581 „Intro
193 1500 279 1565 abite
302 1509 397 1586 atque
421 1501 499 1566 haec
523 1504 587 1566 cito
610 1503 755 1581 celerate,
785 1526 824 1566 ue
848 1524 935 1566 mora
955 1525 1035 1587 quae
1059 1505 1113 1580 sit,
1136 1524 1232 1567 eoeus

55 1630 156 1695 quom
179 1610 313 1673 veniat“.
358 1607 496 1672 Mueller
518 1633 548 1694 p.
576 1612 651 1688 100,
681 1633 712 1694 p.
737 1612 814 1674 266:
848 1611 949 1688 „intro
972 1609 1084 1688 abite‘,
1114 1608 1232 1673 Goetz:

55 1717 161 1796 „iutro
184 1714 286 1780 abite“
313 1715 481 1801 legendum
510 1726 649 1780 censent.
696 1715 761 1780 Sed
785 1741 814 1780 v.
842 1718 959 1795 „intro“
983 1739 1052 1779 mea
1075 1718 1233 1780 sententia
1310 1721 1312 1724 ⁴

55 1822 151 1889 brevi
174 1823 278 1907 priore
302 1822 423 1908 syllaba
446 1846 508 1886 nou
533 1833 637 1888 exstat
645 1848 654 1904 ;
678 1824 831 1910 exemplis
855 1847 874 1887 a
896 1823 1034 1886 Mueller
1056 1847 1085 1909 p.
1106 1826 1170 1887 354
1187 1846 1232 1908 sq.

55 1930 164 1996 allatis
188 1929 285 1994 Klotz
309 1954 339 2015 p.
355 1934 397 1994 48
423 1953 479 1994 suo
507 1933 575 1995 iure
604 1931 681 1994 nihil
710 1931 919 1996 demonstrari
942 1930 1114 1994 contendit.
1159 1929 1233 2007 Qua

55 2037 100 2103 de
124 2059 222 2101 causa
244 2036 400 2100 Muellero
424 2040 593 2115 assentior,
617 2041 672 2123 qui
695 2063 725 2124 p.
745 2042 816 2116 163,
839 2063 868 2124 p.
884 2041 948 2103 420
973 2039 1136 2116 ,introite“
1159 2038 1232 2102 sub·

54 2145 178 2224 stituit,
206 2166 277 2207 oum
307 2146 431 2229 saepius
460 2147 492 2207 in
525 2144 614 2208 libris
648 2148 857 2231 compositum
888 2168 945 2231 pro
976 2145 1112 2230 simplici
1142 2167 1231 2208 usur-

54 2259 169 2339 patum
199 2253 249 2314 sit.
303 2250 357 2315 Sic
387 2253 419 2313 in
451 2253 574 2315 llutos
597 2275 626 2317 a.
653 2257 738 2315 1193
768 2251 839 2315 libri
863 2252 1029 2336 praebent:
1065 2251 1231 2330 „Prorsum

59 2356 203 2423 Athenas
227 2358 371 2443 protinus
391 2357 484 2420 abibo
507 2363 638 2421 tecum‘t
677 2358 820 2435 Bothius,
843 2359 1007 2421 Bentleius
1030 2360 1232 2442 „protinam“,

62 2484 154 2549 quam
182 2466 388 2528 mutationem
419 2463 536 2541 Goetz,
569 2464 647 2527 Brix
677 2467 709 2527 in
741 2465 895 2528 editiones
925 2474 1127 2550 receperunt,
1159 2487 1231 2551 pro-

57 2580 248 2658 posuerunt,
282 2569 550 2652 Goetz-Sohoell,
583 2572 650 2635 Leo
680 2573 862 2635 memoriam
894 2571 1041 2636 codicum
1074 2573 1232 2636 secuntur.

56 2678 228 2765 Equidem,
251 2701 322 2742 cum
346 2680 378 2741 in
402 2702 441 2757 v,
465 2681 519 2763 qui
542 2679 702 2742 antecedit
725 2678 900 2743 Palaestrio
924 2679 1022 2743 dicat:
1051 2679 1122 2758 „ille
1144 2679 1233 2743 iube·

54 2785 108 2852 bit
121 2808 172 2849 me
196 2788 278 2865 „ire“
301 2808 371 2849 cum
388 2786 444 2850 illa
459 2785 500 2849 ad
516 2793 660 2871 pertum“
683 2788 790 2872 potius
807 2786 949 2872 Langeui
965 2789 997 2849 in
1015 2787 1110 2850 Beitr.
1127 2810 1156 2871 p.
1169 2789 1231 2850 164

34 2893 214 2980 prolatam
240 2893 491 2957 emendationem
512 2887 679 2979 ,protinus
708 2893 780 2958 ibo“
802 2895 911 2979 probo.
957 2894 998 2958 oi.
1022 2896 1116 2958 etiam
1140 2892 1231 2978 Oapt.

55 3024 90 3066 v.
115 3003 196 3064 508:
231 3023 287 3079 „eo
319 3003 461 3086 protinus
492 3001 533 3065 ad
562 3001 720 3065 fratrem“.
767 3002 873 3065 Etiam
903 3003 936 3064 in
970 3003 1058 3066 Trou.
1085 3024 1113 3065 r.
1144 3004 1230 3065 983:

57 3111 226 3194 „prdperas
251 3113 290 3170 au
313 3131 376 3170 non
400 3113 548 3193 properas
573 3108 659 3171 abire
679 3108 718 3172 ab
735 3108 783 3172 his
800 3108 996 3193 regionibus‘
1021 3110 1048 3171 si
1071 3110 1151 3186 „ire“
1174 3132 1231 3193 pro

57 3214 183 3295 „abire“
202 3214 432 3294 substituimus,
455 3218 559 3279 omnia
576 3215 731 3300 quadrant
737 3239 745 3294 3
768 3238 826 3300 pro
842 3223 1028 3300 „properas“
1044 3216 1127 3278 enirn
1143 3238 1232 3299 „pro-
1306 3211 1308 3215 '

57 3329 154 3409 pere“
178 3321 328 3385 substitui
352 3322 510 3407 displicet,
533 3345 603 3386 cum
629 3324 818 3386 contrarium
843 3346 873 3386 v.
899 3328 1082 3406 „properas“
1106 3330 1232 3386 servato

58 3430 161 3515 magis
185 3431 360 3493 extollatur.

168 3536 278 3600 bibisti
294 3538 326 3598 in
346 3537 444 3600 Siren.
464 3559 493 3600 a.
516 3541 592 3600 721:
618 3560 692 3622 „age
708 3536 836 3614 tibicen,
860 3535 985 3620 quando
1008 3536 1127 3614 bibisti,
1149 3536 1233 3600 refer

59 3643 102 3709 ad
119 3643 224 3708 labeas
241 3643 352 3706 tibias“
369 3642 512 3722 Bothum,
536 3644 659 3707 Ritschl
684 3646 733 3708 in:
757 3666 868 3729 „quom
886 3643 1024 3723 bibisti“,
1047 3644 1098 3708 hio
1122 3654 1232 3729 postea

59 3753 94 3815 in
118 3751 261 3835 „quaudo
284 3749 419 3814 biberis“
442 3760 609 3813 mutarunt.
656 3752 753 3813 Klotz
777 3776 806 3836 p.
831 3755 889 3815 84:
914 3751 1041 3829 „bibisti
1063 3753 1091 3814 i“
1116 3750 1233 3829 scribit,

61 3856 201 3944 Spengel
218 3881 247 3941 p.
266 3861 326 3921 105
352 3857 495 3934 „bibisti‘
518 3860 620 3942 primo
644 3860 655 3920 i
679 3861 780 3922 eiecto
804 3861 1039 3943 pronuntiatum
1063 3858 1233 3922 contendit.

62 3963 146 4029 Sane
179 3966 435 4050 pronuntiatione
465 3965 643 4027 remissiore
674 3965 702 4027 h.
728 3965 858 4031 verbum
883 3975 1061 4051 correptum
1085 3975 1146 4043 est,
1177 3965 1233 4028 sed

63 4095 125 4136 non
149 4075 263 4158 prima,
294 4070 350 4134 sed
381 4072 479 4134 altera
508 4071 628 4157 syllaba
655 4074 800 4157 neglecta
830 4084 886 4136 est.
933 4072 1069 4137 Corssen
1094 4075 1232 4136 enimin

1022 4200 1037 4251 o
