2904 4710
659 282 699 347 97

91 476 253 562 goediam“
292 499 364 542 nam
395 476 545 542 librorum
577 479 748 564 scriptura:
782 480 906 557 „contri
934 477 1078 543 desubito
1110 500 1168 542 nos
1201 479 1265 561 (Ba

92 583 314 648 desubitontos
330 607 422 671 agere
446 585 608 671 (ageVE)
631 585 843 671 tragoediam
866 586 916 650 vel
941 594 1071 672 propter
1084 585 1265 672 rhythmum

92 691 220 755 tolerari
243 693 362 777 nequit
951 715 953 722 ⁴

201 800 292 863 Trrrc.
313 821 342 864 o.
364 802 463 876 65&
476 820 577 878 „nunc
593 806 650 884 ego
667 807 733 863 stes
757 798 925 864 mondulss
950 798 1085 864 urbanos
1110 801 1266 863 amasios“

93 905 288 987 (Diomedes)
312 927 458 992 amaspos
481 905 531 986 (B)
555 928 641 970 amas
666 905 705 987 (d
720 906 763 986 D)
787 905 925 970 Mueller
948 930 978 991 p.
990 911 1053 971 477
1080 909 1126 971 sic
1148 915 1265 972 mutate

92 1033 193 1090 „nunc
218 1034 276 1098 ego
305 1034 412 1077 omnes
440 1014 519 1076 istos
548 1012 718 1077 mundulos
743 1013 896 1077 amasi0s“
927 1011 1064 1078 Jordan:
1095 1035 1172 1099 „ego
1196 1014 1266 1099 pol“

92 1118 246 1184 defendit.
292 1119 480 1200 Buecheler,
504 1142 598 1204 quem
623 1119 750 1184 Schoell
775 1121 917 1204 sequitur
939 1119 969 1184 h.
993 1143 1023 1186 v.
1047 1120 1145 1200 delet,
1168 1130 1202 1184 at
1224 1121 1265 1185 cf.

92 1226 222 1311 Langen
246 1225 294 1290 Pl.
318 1225 364 1291 St.
387 1250 417 1312 p.
442 1230 504 1291 382
512 1275 519 1305 ,
549 1228 603 1312 qui
631 1236 705 1312 post
727 1250 757 1292 v.
783 1231 845 1292 662
871 1229 989 1313 optime
1018 1226 1170 1312 quadrare
1194 1250 1265 1291 eum

92 1333 257 1398 contendit
280 1342 313 1398 et
339 1335 389 1398 sic
417 1356 488 1398 eum
518 1334 581 1420 legi
611 1334 696 1398 vult:
729 1356 787 1413 „ne
820 1339 878 1420 ego
908 1334 961 1420 pol
991 1339 1069 1398 istos
1099 1334 1266 1399 mdndulos

92 1442 254 1505 amasios.“
299 1441 383 1506 Leo:
414 1440 587 1519 „urbanos“
610 1463 690 1520 „non
715 1451 764 1505 est
788 1442 941 1505 otiosum“
965 1440 1109 1520 adnotat,
1139 1450 1171 1506 et
1195 1464 1267 1528 pro-

91 1549 228 1612 nuntiari
261 1548 347 1613 vult:
386 1547 578 1627 „mundlos“
611 1570 717 1628 „nunc
750 1554 807 1634 ego
839 1550 918 1613 istos
950 1548 1097 1613 mtndlos
1129 1548 1266 1614 urbanos

93 1656 255 1720 amasios“.

199 1762 244 1826 Iu·
257 1763 353 1839 Pom.
372 1786 401 1827 c.
420 1767 490 1828 869
512 1763 707 1849 „Djespiter‘
730 1785 792 1827 non
812 1776 883 1828 cum
897 1751 1267 1848 Muellero'„Dlespiter“

92 1870 173 1956 lego.
197 1870 238 1934 cf.
263 1869 485 1957 Leppermann
509 1894 539 1956 p.
563 1873 614 1935 80.
911 1885 915 1892 '

315 1991 317 1995 ’
361 1996 396 2062 b.
435 1995 557 2063 tertia
580 1996 719 2079 syllaba
742 1995 851 2063 habet
873 1996 1001 2063 ictum.

297 2124 328 2202 a)
367 2130 473 2184 altera
495 2128 669 2197 positione
692 2129 792 2197 longa
816 2131 975 2196 correpte
999 2131 1062 2184 est.
1132 2210 1135 2221 Ι

93 2246 108 2255 “
202 2225 283 2290 (lum
308 2229 404 2292 Pocae.
431 2250 460 2292 a.
486 2231 512 2309 1,
542 2236 578 2292 ut
600 2226 769 2291 Bitschelii
793 2225 897 2291 verbis
921 2236 1006 2306 utar,
1030 2250 1048 2290 a
1070 2226 1269 2307 balbutiente

92 2335 200 2420 potius
224 2357 317 2418 quam
340 2334 436 2398 latine
459 2334 608 2418 loquente
632 2333 759 2398 homine
783 2335 826 2397 sit
849 2334 997 2419 scriptus,
1022 2333 1153 2398 verbum
1176 2335 1267 2412 „Ari-
1386 2329 1388 2337 ’

93 2439 229 2504 starchi“
252 2462 313 2503 non
337 2442 420 2505 inter
443 2463 502 2520 ea„
521 2463 601 2525 quae
625 2441 710 2526 apud
732 2440 881 2504 Plautum
905 2442 1131 2527 corripiuntur,
1159 2463 1267 2504 nume-

92 2547 225 2611 randum
250 2556 307 2611 est.
692 2604 693 2607 ,

199 2653 239 2716 In
259 2655 348 2721 Trio.
366 2676 394 2718 a.
413 2657 482 2718 242
498 2654 603 2718 exstat
618 2655 650 2717 in
666 2653 756 2718 libris
772 2662 898 2740 praeter
913 2652 945 2716 A
960 2655 1172 2740 „sagittttus“,
1195 2677 1267 2718 cum

93 2763 121 2824 A
151 2760 281 2826 habeat:
304 2784 394 2840 „nam
419 2762 473 2846 qui
496 2748 589 2840 amat,
610 2752 698 2845 ⁸quod
721 2769 814 2840 amat,
839 2761 998 2846 extemplo
1023 2762 1120 2824 saviis
1145 2761 1268 2846 percul-

80 2891 148 2934 sus
165 2875 240 2931 est“.
278 2867 373 2932 Hane
390 2870 571 2932 memoriam
588 2867 715 2932 Ritschl
731 2876 805 2953 post
827 2867 1023 2953 ‚,extemplo“
1040 2862 1149 2959 addito
1166 2869 1268 2945 „eius“

93 2976 244 3059 sequitur.
281 2959 418 3039 Mueller
434 2998 505 3039 cum
521 2975 718 3039 Buechelero
733 2975 822 3054 facit,
845 2976 901 3059 qui
923 2976 956 3038 in
972 2974 1069 3039 libro:
1094 2973 1266 3038 Grundriss

93 3082 150 3146 der
173 3081 397 3146 Deklination“
429 3087 457 3146 2.
484 3082 570 3146 Aufl.
602 3106 630 3168 p.
658 3085 718 3146 129
751 3104 876 3146 versum
901 3083 946 3146 sic
973 3082 1066 3168 legit:
1100 3105 1190 3161 „nam
1214 3086 1267 3167 qui

93 3199 186 3267 amat,
209 3189 295 3274 quod
317 3198 410 3268 amat,
434 3212 528 3274 quom
552 3189 710 3274 extemplo
736 3193 820 3252 savis
847 3190 989 3274 sagitatis
1014 3193 1212 3274 percussdst“
1236 3198 1268 3253 et

93 3305 185 3381 putat
200 3296 303 3360 codici
320 3296 348 3358 A
367 3296 439 3359 ideo
463 3298 659 3382 „sagittatis“
674 3318 737 3358 non
753 3297 867 3374 inesse,
890 3295 975 3380 quod
993 3296 1121 3360 librario
1138 3305 1268 3382 propter

92 3405 225 3483 ,‚saviis“
256 3403 435 3488 neglectum
467 3405 516 3466 sit.
575 3402 725 3467 Fortasse
761 3411 865 3466 autem
897 3404 991 3466 etiam
1022 3402 1081 3466 hoc
1113 3403 1200 3480 loco,
1233 3411 1268 3467 ut

84 3513 228 3596 saepius,
244 3511 272 3573 A
285 3510 448 3573 meliorem
463 3509 560 3574 habet
571 3512 769 3573 sententiam.
786 3508 851 3573 Sed
865 3532 1019 3594 quaenam
1032 3518 1082 3573 est
1092 3511 1268 3578 sententia?

92 3617 250 3703 Lysiteles
275 3619 378 3680 animo
402 3617 513 3696 volvit,
536 3626 640 3680 utrum
664 3618 781 3695 „amori
805 3639 844 3679 an
868 3617 914 3680 rei
937 3616 1069 3701 obsequi
1088 3610 1194 3703 potius
1211 3619 1268 3703 par

93 3727 161 3803 sic‘,
185 3725 271 3801 dicit,
295 3747 366 3787 cum
391 3724 430 3787 de
455 3747 492 3787 ea
514 3747 548 3787 rc
567 3724 707 3788 sibinen
725 3725 801 3787 satis
818 3723 947 3808 liqueat,
970 3747 1004 3788 se
1020 3734 1184 3809 utramque
1202 3748 1266 3788 rem

94 3833 185 3896 simul
211 3839 364 3917 exputare
388 3840 420 3894 et
434 3831 570 3895 iudicem
589 3841 621 3894 ct
637 3854 734 3894 reum.
773 3831 926 3894 Omnium
943 3833 1079 3917 primum
1104 3833 1268 3916 eloquitur,

93 3938 357 4025 quomadmodum
379 3941 494 4002 amoris
511 3947 594 4002 artes
619 3961 652 4002 se
677 3938 863 4024 expediant;
883 3938 959 4002 inde
982 3961 1046 4003 av.
1060 3942 1133 4019 237,
1156 3963 1187 4003 v.
1204 3943 1266 4003 242

93 4049 169 4125 ciue,
193 4048 247 4130 qui
263 4047 359 4109 saviis
379 4055 500 4109 amatae
524 4068 693 4131 percussus
710 4047 761 4123 sit,
784 4068 833 4109 res
857 4044 921 4109 labi
946 4045 1032 4110 foras
1047 4052 1145 4130 'atque
1170 4046 1268 4131 linqui

93 4154 265 4219 contendit.
301 4153 387 4240 Ergo
410 4155 604 4238 „sagittatis“
628 4154 757 4217 minime
774 4143 981 4234 desideratur,
1004 4161 1040 4218 ut
1055 4154 1138 4220 iusta
1154 4153 1269 4219 evadat
