<?xml version="1.0" encoding="UTF-8"?>
<!DOCTYPE html PUBLIC "-//W3C//DTD XHTML 1.0 Transitional//EN"
    "http://www.w3.org/TR/xhtml1/DTD/xhtml1-transitional.dtd">
<html xmlns="http://www.w3.org/1999/xhtml" xml:lang="en" lang="en">
 <head>
  <title>
</title>
<meta http-equiv="Content-Type" content="text/html;charset=utf-8" />
  <meta name='ocr-system' content='tesseract 3.04.00' />
  <meta name='ocr-capabilities' content='ocr_page ocr_carea ocr_par ocr_line ocrx_word'/>
</head>
<body>
  <div class='ocr_page' id='page_1' title='image "./deplauticorrept00eschgoog_0056.png"; bbox 0 0 2904 4710; ppageno 0'>
   <div class='ocr_carea' id='block_1_1' title="bbox 706 291 746 352">
    <p class='ocr_par' dir='ltr' id='par_1_1' title="bbox 706 291 746 352">
     <span class='ocr_line' id='line_1_1' title="bbox 706 291 746 352; baseline 0 0"><span class='ocrx_word' id='word_1_1' title='bbox 706 291 746 352; x_wconf 82' lang='lat'><strong>51</strong></span> 
     </span>
    </p>
   </div>
   <div class='ocr_carea' id='block_1_2' title="bbox 407 608 1042 693">
    <p class='ocr_par' dir='ltr' id='par_1_2' title="bbox 407 608 1042 693">
     <span class='ocr_line' id='line_1_2' title="bbox 407 608 1042 693; baseline 0.003 -18"><span class='ocrx_word' id='word_1_2' title='bbox 407 608 444 692; x_wconf 84' lang='lat' dir='ltr'><strong>b)</strong></span> <span class='ocrx_word' id='word_1_3' title='bbox 480 609 602 676; x_wconf 74' lang='lat' dir='ltr'><strong>Tertia</strong></span> <span class='ocrx_word' id='word_1_4' title='bbox 625 610 765 693; x_wconf 78' lang='lat' dir='ltr'><strong>syllaba</strong></span> <span class='ocrx_word' id='word_1_5' title='bbox 786 609 895 677; x_wconf 87' lang='lat' dir='ltr'><strong>habet</strong></span> <span class='ocrx_word' id='word_1_6' title='bbox 917 611 1042 678; x_wconf 86' lang='lat' dir='ltr'><strong>ictum.</strong></span> 
     </span>
    </p>
   </div>
   <div class='ocr_carea' id='block_1_3' title="bbox 443 772 1009 850">
    <p class='ocr_par' dir='ltr' id='par_1_3' title="bbox 443 772 1009 850">
     <span class='ocr_line' id='line_1_3' title="bbox 443 772 1009 850; baseline 0 -16"><span class='ocrx_word' id='word_1_7' title='bbox 443 772 474 850; x_wconf 84' lang='lat' dir='ltr'><strong>a)</strong></span> <span class='ocrx_word' id='word_1_8' title='bbox 499 780 603 834; x_wconf 83' lang='lat' dir='ltr'><strong>altera</strong></span> <span class='ocrx_word' id='word_1_9' title='bbox 626 778 798 846; x_wconf 79' lang='lat' dir='ltr'><strong>positione</strong></span> <span class='ocrx_word' id='word_1_10' title='bbox 821 779 922 848; x_wconf 79' lang='lat' dir='ltr'><strong>longa</strong></span> <span class='ocrx_word' id='word_1_11' title='bbox 946 781 1009 835; x_wconf 88' lang='lat' dir='ltr'><strong>est.</strong></span> 
     </span>
    </p>
   </div>
   <div class='ocr_carea' id='block_1_4' title="bbox 58 911 1314 2608">
    <p class='ocr_par' dir='ltr' id='par_1_4' title="bbox 137 911 1312 1319">
     <span class='ocr_line' id='line_1_4' title="bbox 206 911 1312 999; baseline 0.002 -23"><span class='ocrx_word' id='word_1_12' title='bbox 206 964 208 969; x_wconf 91' lang='lat'><strong>.</strong></span> <span class='ocrx_word' id='word_1_13' title='bbox 247 911 401 976; x_wconf 77' lang='lat' dir='ltr'><strong>ducentos</strong></span> <span class='ocrx_word' id='word_1_14' title='bbox 424 914 457 976; x_wconf 93' lang='lat' dir='ltr'><strong>in</strong></span> <span class='ocrx_word' id='word_1_15' title='bbox 474 914 592 978; x_wconf 84' lang='lat' dir='ltr'><strong>Borcb.</strong></span> <span class='ocrx_word' id='word_1_16' title='bbox 611 936 641 978; x_wconf 83' lang='lat' dir='ltr'><strong>c.</strong></span> <span class='ocrx_word' id='word_1_17' title='bbox 662 917 756 978; x_wconf 84' lang='lat'><em>272:</em></span> <span class='ocrx_word' id='word_1_18' title='bbox 780 912 951 992; x_wconf 73' lang='lat' dir='ltr'><strong>„ducentes</strong></span> <span class='ocrx_word' id='word_1_19' title='bbox 969 923 1002 977; x_wconf 94' lang='lat' dir='ltr'><strong>et</strong></span> <span class='ocrx_word' id='word_1_20' title='bbox 1017 914 1104 977; x_wconf 91' lang='lat' dir='ltr'><strong>mille</strong></span> <span class='ocrx_word' id='word_1_21' title='bbox 1119 913 1312 999; x_wconf 87' lang='lat' dir='ltr'><strong>Philippum.</strong></span> 
     </span>
     <span class='ocr_line' id='line_1_5' title="bbox 139 1017 1312 1106; baseline 0.003 -25"><span class='ocrx_word' id='word_1_22' title='bbox 139 1017 278 1085; x_wconf 87' lang='lat' dir='ltr'><strong>Tantum</strong></span> <span class='ocrx_word' id='word_1_23' title='bbox 302 1018 430 1085; x_wconf 87' lang='lat' dir='ltr'><strong>debuit“</strong></span> <span class='ocrx_word' id='word_1_24' title='bbox 443 1043 510 1097; x_wconf 40' lang='lat' dir='ltr'><strong>,suo</strong></span> <span class='ocrx_word' id='word_1_25' title='bbox 533 1022 602 1084; x_wconf 90' lang='lat' dir='ltr'><strong>iure</strong></span> <span class='ocrx_word' id='word_1_26' title='bbox 618 1020 744 1084; x_wconf 88' lang='lat' dir='ltr'><strong>Ritschl</strong></span> <span class='ocrx_word' id='word_1_27' title='bbox 768 1020 829 1098; x_wconf 90' lang='lat' dir='ltr'><strong>alii,</strong></span> <span class='ocrx_word' id='word_1_28' title='bbox 852 1043 925 1085; x_wconf 88' lang='lat' dir='ltr'><strong>cum</strong></span> <span class='ocrx_word' id='word_1_29' title='bbox 949 1043 1073 1106; x_wconf 82' lang='lat' dir='ltr'><strong>semper</strong></span> <span class='ocrx_word' id='word_1_30' title='bbox 1096 1023 1209 1085; x_wconf 88' lang='lat' dir='ltr'><strong>ceteris</strong></span> <span class='ocrx_word' id='word_1_31' title='bbox 1233 1021 1312 1086; x_wconf 89' lang='lat' dir='ltr'><strong>locis</strong></span> 
     </span>
     <span class='ocr_line' id='line_1_6' title="bbox 138 1125 1312 1214; baseline 0.003 -26"><span class='ocrx_word' id='word_1_32' title='bbox 138 1125 243 1204; x_wconf 80' lang='lat' dir='ltr'><strong>„mille</strong></span> <span class='ocrx_word' id='word_1_33' title='bbox 276 1135 308 1190; x_wconf 92' lang='lat' dir='ltr'><strong>et</strong></span> <span class='ocrx_word' id='word_1_34' title='bbox 340 1126 512 1191; x_wconf 87' lang='lat' dir='ltr'><strong>ducentos“</strong></span> <span class='ocrx_word' id='word_1_35' title='bbox 544 1126 680 1213; x_wconf 87' lang='lat' dir='ltr'><strong>legatur,</strong></span> <span class='ocrx_word' id='word_1_36' title='bbox 711 1132 774 1191; x_wconf 81' lang='lat' dir='ltr'><strong>nun</strong></span> <span class='ocrx_word' id='word_1_37' title='bbox 807 1126 956 1214; x_wconf 89' lang='lat' dir='ltr'><strong>probant,</strong></span> <span class='ocrx_word' id='word_1_38' title='bbox 975 1127 1045 1197; x_wconf 11' lang='lat' dir='ltr'><strong>&#39;sed</strong></span> <span class='ocrx_word' id='word_1_39' title='bbox 1075 1127 1187 1192; x_wconf 89' lang='lat' dir='ltr'><strong>eodem</strong></span> <span class='ocrx_word' id='word_1_40' title='bbox 1217 1127 1312 1192; x_wconf 90' lang='lat' dir='ltr'><strong>modo</strong></span> 
     </span>
     <span class='ocr_line' id='line_1_7' title="bbox 137 1240 357 1319; baseline 0.009 -22"><span class='ocrx_word' id='word_1_41' title='bbox 137 1240 357 1319; x_wconf 82' lang='lat' dir='ltr'><strong>transponunt</strong></span> 
     </span>
    </p>

    <p class='ocr_par' dir='ltr' id='par_1_5' title="bbox 58 1340 1314 1963">
     <span class='ocr_line' id='line_1_8' title="bbox 251 1340 1314 1428; baseline -0.002 -19"><span class='ocrx_word' id='word_1_42' title='bbox 251 1341 327 1410; x_wconf 73' lang='lat' dir='ltr'><strong>Cr‘st.</strong></span> <span class='ocrx_word' id='word_1_43' title='bbox 354 1364 383 1407; x_wconf 81' lang='lat' dir='ltr'><strong>c.</strong></span> <span class='ocrx_word' id='word_1_44' title='bbox 409 1345 472 1405; x_wconf 84' lang='lat'><strong>12:</strong></span> <span class='ocrx_word' id='word_1_45' title='bbox 511 1340 712 1426; x_wconf 89' lang='lat' dir='ltr'><strong>„lubentique</strong></span> <span class='ocrx_word' id='word_1_46' title='bbox 740 1340 854 1428; x_wconf 84' lang='lat' dir='ltr'><strong>edepol</strong></span> <span class='ocrx_word' id='word_1_47' title='bbox 885 1343 989 1406; x_wconf 89' lang='lat' dir='ltr'><strong>animo</strong></span> <span class='ocrx_word' id='word_1_48' title='bbox 1012 1341 1132 1407; x_wconf 86' lang='lat' dir='ltr'><strong>factum</strong></span> <span class='ocrx_word' id='word_1_49' title='bbox 1156 1350 1189 1405; x_wconf 91' lang='lat' dir='ltr'><strong>et</strong></span> <span class='ocrx_word' id='word_1_50' title='bbox 1211 1341 1272 1405; x_wconf 88' lang='lat' dir='ltr'><strong>fiet</strong></span> <span class='ocrx_word' id='word_1_51' title='bbox 1294 1365 1314 1407; x_wconf 89' lang='lat' dir='ltr'><strong>a</strong></span> 
     </span>
     <span class='ocr_line' id='line_1_9' title="bbox 58 1446 1313 1537; baseline 0.002 -27"><span class='ocrx_word' id='word_1_52' title='bbox 58 1491 62 1497; x_wconf 88' lang='lat'>-</span> <span class='ocrx_word' id='word_1_53' title='bbox 139 1454 208 1511; x_wconf 88' lang='lat' dir='ltr'><strong>me“</strong></span> <span class='ocrx_word' id='word_1_54' title='bbox 232 1446 377 1537; x_wconf 84' lang='lat' dir='ltr'><strong>Spengel</strong></span> <span class='ocrx_word' id='word_1_55' title='bbox 393 1472 423 1534; x_wconf 90' lang='lat' dir='ltr'><strong>p.</strong></span> <span class='ocrx_word' id='word_1_56' title='bbox 449 1451 511 1513; x_wconf 83' lang='lat'><strong>102</strong></span> <span class='ocrx_word' id='word_1_57' title='bbox 535 1457 658 1513; x_wconf 87' lang='lat' dir='ltr'><strong>tetram.</strong></span> <span class='ocrx_word' id='word_1_58' title='bbox 681 1448 791 1513; x_wconf 87' lang='lat' dir='ltr'><strong>bacch.</strong></span> <span class='ocrx_word' id='word_1_59' title='bbox 822 1471 892 1513; x_wconf 84' lang='lat' dir='ltr'><strong>esse</strong></span> <span class='ocrx_word' id='word_1_60' title='bbox 917 1448 1095 1527; x_wconf 82' lang='lat' dir='ltr'><strong>contendit,</strong></span> <span class='ocrx_word' id='word_1_61' title='bbox 1124 1472 1186 1534; x_wconf 88' lang='lat' dir='ltr'><strong>qua</strong></span> <span class='ocrx_word' id='word_1_62' title='bbox 1216 1451 1249 1516; x_wconf 91' lang='lat' dir='ltr'><strong>iu</strong></span> <span class='ocrx_word' id='word_1_63' title='bbox 1278 1473 1313 1513; x_wconf 94' lang='lat' dir='ltr'><strong>re</strong></span> 
     </span>
     <span class='ocr_line' id='line_1_10' title="bbox 140 1555 1313 1641; baseline 0.002 -23"><span class='ocrx_word' id='word_1_64' title='bbox 140 1555 170 1619; x_wconf 91' lang='lat' dir='ltr'><strong>ei</strong></span> <span class='ocrx_word' id='word_1_65' title='bbox 192 1557 355 1634; x_wconf 87' lang='lat' dir='ltr'><strong>assentior,</strong></span> <span class='ocrx_word' id='word_1_66' title='bbox 380 1555 523 1620; x_wconf 90' lang='lat' dir='ltr'><strong>sednon</strong></span> <span class='ocrx_word' id='word_1_67' title='bbox 547 1578 619 1620; x_wconf 92' lang='lat' dir='ltr'><strong>cum</strong></span> <span class='ocrx_word' id='word_1_68' title='bbox 643 1578 681 1619; x_wconf 94' lang='lat' dir='ltr'><strong>eo</strong></span> <span class='ocrx_word' id='word_1_69' title='bbox 704 1555 789 1620; x_wconf 90' lang='lat' dir='ltr'><strong>facio</strong></span> <span class='ocrx_word' id='word_1_70' title='bbox 812 1557 971 1621; x_wconf 82' lang='lat' dir='ltr'><strong>metienti:</strong></span> <span class='ocrx_word' id='word_1_71' title='bbox 1002 1555 1205 1641; x_wconf 65' lang='lat' dir='ltr'><strong>„labentique</strong></span> <span class='ocrx_word' id='word_1_72' title='bbox 1229 1565 1313 1621; x_wconf 84' lang='lat' dir='ltr'><strong>cett‘</strong></span> 
     </span>
     <span class='ocr_line' id='line_1_11' title="bbox 138 1662 1313 1748; baseline 0.001 -23"><span class='ocrx_word' id='word_1_73' title='bbox 138 1662 277 1736; x_wconf 85' lang='lat' dir='ltr'><strong>Mueller</strong></span> <span class='ocrx_word' id='word_1_74' title='bbox 299 1663 383 1727; x_wconf 92' lang='lat' dir='ltr'><strong>enim</strong></span> <span class='ocrx_word' id='word_1_75' title='bbox 413 1686 443 1747; x_wconf 87' lang='lat' dir='ltr'><strong>p.</strong></span> <span class='ocrx_word' id='word_1_76' title='bbox 468 1668 531 1727; x_wconf 84' lang='lat'><strong>242</strong></span> <span class='ocrx_word' id='word_1_77' title='bbox 560 1665 644 1727; x_wconf 86' lang='lat' dir='ltr'><strong>iusto</strong></span> <span class='ocrx_word' id='word_1_78' title='bbox 671 1665 738 1727; x_wconf 91' lang='lat' dir='ltr'><strong>iure</strong></span> <span class='ocrx_word' id='word_1_79' title='bbox 761 1669 859 1748; x_wconf 86' lang='lat' dir='ltr'><strong>„que“</strong></span> <span class='ocrx_word' id='word_1_80' title='bbox 882 1663 967 1748; x_wconf 91' lang='lat' dir='ltr'><strong>quod</strong></span> <span class='ocrx_word' id='word_1_81' title='bbox 991 1687 1053 1727; x_wconf 88' lang='lat' dir='ltr'><strong>non</strong></span> <span class='ocrx_word' id='word_1_82' title='bbox 1078 1664 1179 1727; x_wconf 91' lang='lat' dir='ltr'><strong>solum</strong></span> <span class='ocrx_word' id='word_1_83' title='bbox 1203 1686 1313 1748; x_wconf 90' lang='lat' dir='ltr'><strong>super·</strong></span> 
     </span>
     <span class='ocr_line' id='line_1_12' title="bbox 138 1762 1313 1850; baseline 0 -16"><span class='ocrx_word' id='word_1_84' title='bbox 138 1762 327 1848; x_wconf 79' lang='lat' dir='ltr'><strong>vacaneum,</strong></span> <span class='ocrx_word' id='word_1_85' title='bbox 357 1770 414 1834; x_wconf 92' lang='lat' dir='ltr'><strong>sed</strong></span> <span class='ocrx_word' id='word_1_86' title='bbox 445 1772 539 1834; x_wconf 87' lang='lat' dir='ltr'><strong>etiam</strong></span> <span class='ocrx_word' id='word_1_87' title='bbox 570 1770 737 1834; x_wconf 88' lang='lat' dir='ltr'><strong>molestum</strong></span> <span class='ocrx_word' id='word_1_88' title='bbox 769 1779 830 1849; x_wconf 86' lang='lat' dir='ltr'><strong>est,</strong></span> <span class='ocrx_word' id='word_1_89' title='bbox 862 1770 995 1850; x_wconf 88' lang='lat' dir='ltr'><strong>delevit,</strong></span> <span class='ocrx_word' id='word_1_90' title='bbox 1026 1773 1072 1835; x_wconf 90' lang='lat' dir='ltr'><strong>ita</strong></span> <span class='ocrx_word' id='word_1_91' title='bbox 1095 1779 1130 1834; x_wconf 88' lang='lat' dir='ltr'><strong>ut</strong></span> <span class='ocrx_word' id='word_1_92' title='bbox 1152 1770 1181 1833; x_wconf 94' lang='lat' dir='ltr'><strong>h.</strong></span> <span class='ocrx_word' id='word_1_93' title='bbox 1205 1795 1235 1834; x_wconf 93' lang='lat' dir='ltr'><strong>v.</strong></span> <span class='ocrx_word' id='word_1_94' title='bbox 1259 1793 1313 1834; x_wconf 86' lang='lat' dir='ltr'><strong>ex-</strong></span> 
     </span>
     <span class='ocr_line' id='line_1_13' title="bbox 138 1876 820 1963; baseline -0.001 -21"><span class='ocrx_word' id='word_1_95' title='bbox 138 1878 282 1942; x_wconf 84' lang='lat' dir='ltr'><strong>sisteret:</strong></span> <span class='ocrx_word' id='word_1_96' title='bbox 313 1876 453 1957; x_wconf 78' lang='lat' dir='ltr'><strong>„lubenti</strong></span> <span class='ocrx_word' id='word_1_97' title='bbox 477 1877 590 1963; x_wconf 88' lang='lat' dir='ltr'><strong>edepol</strong></span> <span class='ocrx_word' id='word_1_98' title='bbox 614 1879 736 1941; x_wconf 76' lang='lat' dir='ltr'><strong>tuimo“</strong></span> <span class='ocrx_word' id='word_1_99' title='bbox 760 1886 820 1943; x_wconf 88' lang='lat' dir='ltr'><strong>cet.</strong></span> 
     </span>
    </p>

    <p class='ocr_par' dir='ltr' id='par_1_6' title="bbox 249 1984 681 2076">
     <span class='ocr_line' id='line_1_14' title="bbox 249 1984 681 2076; baseline -0.005 -27"><span class='ocrx_word' id='word_1_100' title='bbox 249 1985 348 2076; x_wconf 78' lang='lat' dir='ltr'><strong>Stich.</strong></span> <span class='ocrx_word' id='word_1_101' title='bbox 374 2008 404 2050; x_wconf 80' lang='grc'><strong>0.</strong></span> <span class='ocrx_word' id='word_1_102' title='bbox 430 1989 514 2049; x_wconf 74' lang='lat'><strong>474:</strong></span> <span class='ocrx_word' id='word_1_103' title='bbox 542 1984 681 2050; x_wconf 71' lang='lat' dir='ltr'><strong>lubente.</strong></span> 
     </span>
    </p>

    <p class='ocr_par' dir='ltr' id='par_1_7' title="bbox 247 2090 1121 2169">
     <span class='ocr_line' id='line_1_15' title="bbox 247 2090 1121 2169; baseline -0.003 -13"><span class='ocrx_word' id='word_1_104' title='bbox 247 2093 335 2158; x_wconf 78' lang='lat' dir='ltr'><strong>Men.</strong></span> <span class='ocrx_word' id='word_1_105' title='bbox 361 2115 390 2156; x_wconf 86' lang='lat' dir='ltr'><strong>u.</strong></span> <span class='ocrx_word' id='word_1_106' title='bbox 420 2096 509 2156; x_wconf 79' lang='lat'><em>827:</em></span> <span class='ocrx_word' id='word_1_107' title='bbox 534 2090 676 2155; x_wconf 73' lang='lat' dir='ltr'><strong>molesta.</strong></span> <span class='ocrx_word' id='word_1_108' title='bbox 1119 2164 1121 2169; x_wconf 22' lang='lat'><strong>¹</strong></span> 
     </span>
    </p>

    <p class='ocr_par' dir='ltr' id='par_1_8' title="bbox 176 2197 1314 2284">
     <span class='ocr_line' id='line_1_16' title="bbox 176 2197 1314 2284; baseline -0.005 -17"><span class='ocrx_word' id='word_1_109' title='bbox 176 2263 178 2267; x_wconf 81' lang='grc'>,</span> <span class='ocrx_word' id='word_1_110' title='bbox 246 2201 320 2264; x_wconf 68' lang='lat' dir='ltr'><strong>Mil.</strong></span> <span class='ocrx_word' id='word_1_111' title='bbox 346 2223 375 2264; x_wconf 82' lang='lat' dir='ltr'><strong>u.</strong></span> <span class='ocrx_word' id='word_1_112' title='bbox 404 2204 468 2264; x_wconf 82' lang='lat'><strong>69:</strong></span> <span class='ocrx_word' id='word_1_113' title='bbox 493 2199 627 2262; x_wconf 67' lang='lat' dir='ltr'><strong>molesta</strong></span> <span class='ocrx_word' id='word_1_114' title='bbox 648 2200 682 2263; x_wconf 92' lang='lat' dir='ltr'><strong>in</strong></span> <span class='ocrx_word' id='word_1_115' title='bbox 698 2197 843 2263; x_wconf 89' lang='lat' dir='ltr'><strong>versibus</strong></span> <span class='ocrx_word' id='word_1_116' title='bbox 867 2198 946 2262; x_wconf 88' lang='lat' dir='ltr'><strong>adeo</strong></span> <span class='ocrx_word' id='word_1_117' title='bbox 966 2200 1123 2284; x_wconf 80' lang='lat' dir='ltr'><strong>corruptis</strong></span> <span class='ocrx_word' id='word_1_118' title='bbox 1138 2198 1314 2278; x_wconf 84' lang='lat' dir='ltr'><strong>traduntur,</strong></span> 
     </span>
    </p>

    <p class='ocr_par' dir='ltr' id='par_1_9' title="bbox 62 2305 1173 2392">
     <span class='ocr_line' id='line_1_17' title="bbox 62 2305 1173 2392; baseline -0.003 -21"><span class='ocrx_word' id='word_1_119' title='bbox 62 2372 68 2387; x_wconf 26' lang='grc' dir='ltr'>ἱ</span> <span class='ocrx_word' id='word_1_120' title='bbox 138 2316 175 2371; x_wconf 89' lang='lat' dir='ltr'><strong>ut</strong></span> <span class='ocrx_word' id='word_1_121' title='bbox 197 2306 308 2370; x_wconf 82' lang='lat' dir='ltr'><strong>harum</strong></span> <span class='ocrx_word' id='word_1_122' title='bbox 331 2309 563 2392; x_wconf 88' lang='lat' dir='ltr'><strong>correptionum</strong></span> <span class='ocrx_word' id='word_1_123' title='bbox 588 2308 668 2369; x_wconf 90' lang='lat' dir='ltr'><strong>ratio</strong></span> <span class='ocrx_word' id='word_1_124' title='bbox 693 2308 820 2368; x_wconf 89' lang='lat' dir='ltr'><strong>omnino</strong></span> <span class='ocrx_word' id='word_1_125' title='bbox 843 2305 952 2369; x_wconf 87' lang='lat' dir='ltr'><strong>haberi</strong></span> <span class='ocrx_word' id='word_1_126' title='bbox 976 2329 1039 2369; x_wconf 89' lang='lat' dir='ltr'><strong>non</strong></span> <span class='ocrx_word' id='word_1_127' title='bbox 1063 2308 1173 2391; x_wconf 84' lang='lat' dir='ltr'><strong>possit</strong></span> 
     </span>
    </p>

    <p class='ocr_par' dir='ltr' id='par_1_10' title="bbox 140 2411 1313 2608">
     <span class='ocr_line' id='line_1_18' title="bbox 247 2411 1312 2497; baseline -0.001 -20"><span class='ocrx_word' id='word_1_128' title='bbox 247 2413 328 2477; x_wconf 84' lang='lat' dir='ltr'><strong>Cum</strong></span> <span class='ocrx_word' id='word_1_129' title='bbox 361 2414 401 2477; x_wconf 92' lang='lat' dir='ltr'><strong>de</strong></span> <span class='ocrx_word' id='word_1_130' title='bbox 434 2413 524 2477; x_wconf 88' lang='lat' dir='ltr'><strong>verbi</strong></span> <span class='ocrx_word' id='word_1_131' title='bbox 556 2412 732 2497; x_wconf 86' lang='lat' dir='ltr'><strong>„Philippi“</strong></span> <span class='ocrx_word' id='word_1_132' title='bbox 765 2421 899 2476; x_wconf 87' lang='lat' dir='ltr'><strong>accentu</strong></span> <span class='ocrx_word' id='word_1_133' title='bbox 934 2411 1058 2477; x_wconf 88' lang='lat' dir='ltr'><strong>Graeco</strong></span> <span class='ocrx_word' id='word_1_134' title='bbox 1092 2421 1218 2476; x_wconf 88' lang='lat' dir='ltr'><strong>servato</strong></span> <span class='ocrx_word' id='word_1_135' title='bbox 1250 2415 1312 2476; x_wconf 84' lang='lat' dir='ltr'><strong>ianr</strong></span> 
     </span>
     <span class='ocr_line' id='line_1_19' title="bbox 140 2517 1313 2608; baseline -0.001 -23"><span class='ocrx_word' id='word_1_136' title='bbox 140 2522 271 2608; x_wconf 83' lang='lat' dir='ltr'><strong>egerim,</strong></span> <span class='ocrx_word' id='word_1_137' title='bbox 302 2523 378 2584; x_wconf 88' lang='lat' dir='ltr'><strong>satis</strong></span> <span class='ocrx_word' id='word_1_138' title='bbox 402 2519 480 2583; x_wconf 90' lang='lat' dir='ltr'><strong>mihi</strong></span> <span class='ocrx_word' id='word_1_139' title='bbox 504 2519 632 2583; x_wconf 90' lang='lat' dir='ltr'><strong>videtur</strong></span> <span class='ocrx_word' id='word_1_140' title='bbox 654 2519 757 2597; x_wconf 75' lang='lat' dir='ltr'><strong>locOS,</strong></span> <span class='ocrx_word' id='word_1_141' title='bbox 788 2517 903 2604; x_wconf 89' lang='lat' dir='ltr'><strong>quibus</strong></span> <span class='ocrx_word' id='word_1_142' title='bbox 927 2521 993 2583; x_wconf 91' lang='lat' dir='ltr'><strong>ictu</strong></span> <span class='ocrx_word' id='word_1_143' title='bbox 1017 2521 1051 2582; x_wconf 94' lang='lat' dir='ltr'><strong>in</strong></span> <span class='ocrx_word' id='word_1_144' title='bbox 1073 2521 1169 2583; x_wconf 87' lang='lat' dir='ltr'><strong>tertia</strong></span> <span class='ocrx_word' id='word_1_145' title='bbox 1192 2519 1313 2605; x_wconf 85' lang='lat' dir='ltr'><strong>syllaba</strong></span> 
     </span>
    </p>
   </div>
   <div class='ocr_carea' id='block_1_5' title="bbox 138 2617 1120 2818">
    <p class='ocr_par' dir='ltr' id='par_1_11' title="bbox 138 2617 1120 2818">
     <span class='ocr_line' id='line_1_20' title="bbox 138 2617 613 2715; baseline -0.004 -23"><span class='ocrx_word' id='word_1_146' title='bbox 138 2629 245 2715; x_wconf 88' lang='lat' dir='ltr'><strong>posito</strong></span> <span class='ocrx_word' id='word_1_147' title='bbox 269 2627 391 2713; x_wconf 85' lang='lat' dir='ltr'><strong>legitur,</strong></span> <span class='ocrx_word' id='word_1_148' title='bbox 415 2617 613 2690; x_wconf 89' lang='lat' dir='ltr'><strong>enumerare:</strong></span> 
     </span>
     <span class='ocr_line' id='line_1_21' title="bbox 247 2727 1120 2818; baseline -0.002 -20"><span class='ocrx_word' id='word_1_149' title='bbox 247 2736 364 2799; x_wconf 76' lang='lat' dir='ltr'><strong>Bacch.</strong></span> <span class='ocrx_word' id='word_1_150' title='bbox 390 2757 418 2799; x_wconf 78' lang='lat' dir='ltr'><strong>a.</strong></span> <span class='ocrx_word' id='word_1_151' title='bbox 448 2738 537 2798; x_wconf 73' lang='lat'><em>882:</em></span> <span class='ocrx_word' id='word_1_152' title='bbox 573 2732 784 2818; x_wconf 87' lang='lat' dir='ltr'><strong>„Philipp6s“,</strong></span> <span class='ocrx_word' id='word_1_153' title='bbox 807 2755 836 2798; x_wconf 86' lang='lat' dir='ltr'><strong>c.</strong></span> <span class='ocrx_word' id='word_1_154' title='bbox 863 2736 942 2797; x_wconf 90' lang='grc'><em>1011</em></span> <span class='ocrx_word' id='word_1_155' title='bbox 964 2727 1120 2818; x_wconf 81' lang='lat' dir='ltr'><strong>Phillipls.</strong></span> 
     </span>
    </p>
   </div>
   <div class='ocr_carea' id='block_1_6' title="bbox 138 2827 1316 4216">
    <p class='ocr_par' dir='ltr' id='par_1_12' title="bbox 138 2827 1316 4216">
     <span class='ocr_line' id='line_1_22' title="bbox 208 2827 1314 2927; baseline 0 -22"><span class='ocrx_word' id='word_1_156' title='bbox 208 2827 211 2839; x_wconf 48' lang='lat'>¹</span> <span class='ocrx_word' id='word_1_157' title='bbox 247 2842 321 2906; x_wconf 65' lang='lat' dir='ltr'><strong>Mil.</strong></span> <span class='ocrx_word' id='word_1_158' title='bbox 351 2864 380 2905; x_wconf 85' lang='lat' dir='ltr'><strong>c.</strong></span> <span class='ocrx_word' id='word_1_159' title='bbox 412 2844 513 2906; x_wconf 82' lang='grc'><em>1001·</em></span> <span class='ocrx_word' id='word_1_160' title='bbox 561 2840 745 2925; x_wconf 81' lang='lat' dir='ltr'><strong>Philippdm</strong></span> <span class='ocrx_word' id='word_1_161' title='bbox 776 2840 829 2922; x_wconf 85' lang='lat' dir='ltr'><strong>(cl.</strong></span> <span class='ocrx_word' id='word_1_162' title='bbox 853 2835 998 2927; x_wconf 84' lang='lat' dir='ltr'><strong>Langen:</strong></span> <span class='ocrx_word' id='word_1_163' title='bbox 1033 2840 1168 2920; x_wconf 86' lang='lat' dir='ltr'><strong>„Beitr.“</strong></span> <span class='ocrx_word' id='word_1_164' title='bbox 1198 2866 1227 2927; x_wconf 92' lang='lat' dir='ltr'><strong>p.</strong></span> <span class='ocrx_word' id='word_1_165' title='bbox 1252 2845 1314 2919; x_wconf 86' lang='grc'><em>00),</em></span> 
     </span>
     <span class='ocr_line' id='line_1_23' title="bbox 139 2941 1237 3034; baseline -0.003 -22"><span class='ocrx_word' id='word_1_166' title='bbox 139 2951 229 3014; x_wconf 83' lang='grc'><em>1064</em></span> <span class='ocrx_word' id='word_1_167' title='bbox 251 2948 402 3034; x_wconf 88' lang='lat' dir='ltr'><strong>Philippi.</strong></span> <span class='ocrx_word' id='word_1_168' title='bbox 1091 2941 1094 2947; x_wconf 56' lang='grc'><em>’</em></span> <span class='ocrx_word' id='word_1_169' title='bbox 1144 2946 1147 2952; x_wconf 69' lang='grc'><em>’</em></span> <span class='ocrx_word' id='word_1_170' title='bbox 1236 3021 1237 3025; x_wconf 10' lang='lat'>¹</span> 
     </span>
     <span class='ocr_line' id='line_1_24' title="bbox 246 3034 1296 3140; baseline -0.003 -21"><span class='ocrx_word' id='word_1_171' title='bbox 246 3057 333 3120; x_wconf 74' lang='lat' dir='ltr'><strong>Rea.</strong></span> <span class='ocrx_word' id='word_1_172' title='bbox 360 3078 389 3120; x_wconf 78' lang='lat' dir='ltr'><strong>a.</strong></span> <span class='ocrx_word' id='word_1_173' title='bbox 416 3057 516 3119; x_wconf 72' lang='lat'><strong><em>1314:</em></strong></span> <span class='ocrx_word' id='word_1_174' title='bbox 544 3034 761 3140; x_wconf 35' lang='lat' dir='ltr'><strong>‚Phffippiain&#39;</strong></span> <span class='ocrx_word' id='word_1_175' title='bbox 787 3055 876 3119; x_wconf 76' lang='lat' dir='ltr'><strong>Tria.</strong></span> <span class='ocrx_word' id='word_1_176' title='bbox 903 3077 933 3120; x_wconf 86' lang='lat' dir='ltr'><strong>c.</strong></span> <span class='ocrx_word' id='word_1_177' title='bbox 963 3059 1032 3120; x_wconf 84' lang='lat'><strong>965</strong></span> <span class='ocrx_word' id='word_1_178' title='bbox 1055 3054 1247 3140; x_wconf 82' lang='lat' dir='ltr'><strong>Philippsun.</strong></span> <span class='ocrx_word' id='word_1_179' title='bbox 1294 3048 1296 3051; x_wconf 61' lang='grc'><strong>’</strong></span> 
     </span>
     <span class='ocr_line' id='line_1_25' title="bbox 247 3154 1312 3248; baseline -0.001 -22"><span class='ocrx_word' id='word_1_180' title='bbox 247 3164 336 3228; x_wconf 74' lang='lat' dir='ltr'><strong>Pers.</strong></span> <span class='ocrx_word' id='word_1_181' title='bbox 362 3185 391 3227; x_wconf 81' lang='lat' dir='ltr'><strong>c.</strong></span> <span class='ocrx_word' id='word_1_182' title='bbox 420 3166 487 3226; x_wconf 80' lang='lat'><strong>25:</strong></span> <span class='ocrx_word' id='word_1_183' title='bbox 524 3163 658 3247; x_wconf 86' lang='lat' dir='ltr'><strong>„sagitta</strong></span> <span class='ocrx_word' id='word_1_184' title='bbox 682 3154 808 3248; x_wconf 80' lang='lat' dir='ltr'><strong>Cupido</strong></span> <span class='ocrx_word' id='word_1_185' title='bbox 833 3184 888 3226; x_wconf 91' lang='lat' dir='ltr'><strong>cor</strong></span> <span class='ocrx_word' id='word_1_186' title='bbox 911 3184 1015 3226; x_wconf 91' lang='lat' dir='ltr'><strong>meum</strong></span> <span class='ocrx_word' id='word_1_187' title='bbox 1037 3162 1207 3235; x_wconf 80' lang='lat' dir='ltr'><strong>transfixit.</strong></span> <span class='ocrx_word' id='word_1_188' title='bbox 1241 3162 1312 3225; x_wconf 85' lang='lat' dir='ltr'><strong>Jam</strong></span> 
     </span>
     <span class='ocr_line' id='line_1_26' title="bbox 141 3268 1315 3356; baseline 0 -22"><span class='ocrx_word' id='word_1_189' title='bbox 141 3272 226 3335; x_wconf 88' lang='lat' dir='ltr'><strong>servi</strong></span> <span class='ocrx_word' id='word_1_190' title='bbox 256 3269 308 3335; x_wconf 94' lang='lat' dir='ltr'><strong>hic</strong></span> <span class='ocrx_word' id='word_1_191' title='bbox 338 3273 484 3334; x_wconf 81' lang='lat' dir='ltr'><strong>amant?“</strong></span> <span class='ocrx_word' id='word_1_192' title='bbox 517 3268 614 3356; x_wconf 89' lang='lat' dir='ltr'><strong>verbo</strong></span> <span class='ocrx_word' id='word_1_193' title='bbox 646 3276 736 3349; x_wconf 76' lang='lat' dir='ltr'><strong>„cor‘</strong></span> <span class='ocrx_word' id='word_1_194' title='bbox 765 3270 959 3354; x_wconf 89' lang='lat' dir='ltr'><strong>transposito</strong></span> <span class='ocrx_word' id='word_1_195' title='bbox 984 3278 1126 3333; x_wconf 88' lang='lat' dir='ltr'><strong>sanatum</strong></span> <span class='ocrx_word' id='word_1_196' title='bbox 1151 3268 1315 3352; x_wconf 83' lang='lat' dir='ltr'><strong>contendit</strong></span> 
     </span>
     <span class='ocr_line' id='line_1_27' title="bbox 139 3367 1314 3462; baseline -0.001 -21"><span class='ocrx_word' id='word_1_197' title='bbox 139 3373 282 3442; x_wconf 84' lang='lat' dir='ltr'><strong>Ritschl:</strong></span> <span class='ocrx_word' id='word_1_198' title='bbox 316 3381 450 3462; x_wconf 83' lang='lat' dir='ltr'><strong>„sagitta</strong></span> <span class='ocrx_word' id='word_1_199' title='bbox 481 3380 534 3440; x_wconf 78' lang='lat' dir='ltr'><strong>cdr</strong></span> <span class='ocrx_word' id='word_1_200' title='bbox 557 3367 684 3462; x_wconf 84' lang='lat' dir='ltr'><strong>Cupido</strong></span> <span class='ocrx_word' id='word_1_201' title='bbox 708 3385 776 3455; x_wconf 90' lang='lat' dir='ltr'><strong>cet;</strong></span> <span class='ocrx_word' id='word_1_202' title='bbox 799 3375 897 3439; x_wconf 86' lang='lat' dir='ltr'><strong>Klotz</strong></span> <span class='ocrx_word' id='word_1_203' title='bbox 920 3400 951 3461; x_wconf 93' lang='lat' dir='ltr'><strong>p.</strong></span> <span class='ocrx_word' id='word_1_204' title='bbox 968 3379 1023 3454; x_wconf 85' lang='lat'><strong>88,</strong></span> <span class='ocrx_word' id='word_1_205' title='bbox 1047 3399 1117 3440; x_wconf 92' lang='lat' dir='ltr'><strong>cum</strong></span> <span class='ocrx_word' id='word_1_206' title='bbox 1141 3376 1197 3439; x_wconf 87' lang='lat' dir='ltr'><strong>tali</strong></span> <span class='ocrx_word' id='word_1_207' title='bbox 1219 3376 1314 3440; x_wconf 91' lang='lat' dir='ltr'><strong>modo</strong></span> 
     </span>
     <span class='ocr_line' id='line_1_28' title="bbox 140 3482 1314 3569; baseline -0.002 -20"><span class='ocrx_word' id='word_1_208' title='bbox 140 3488 272 3549; x_wconf 84' lang='lat' dir='ltr'><strong>caesura</strong></span> <span class='ocrx_word' id='word_1_209' title='bbox 294 3484 478 3569; x_wconf 89' lang='lat' dir='ltr'><strong>principalis</strong></span> <span class='ocrx_word' id='word_1_210' title='bbox 503 3482 652 3561; x_wconf 83' lang='lat' dir='ltr'><strong>deleatur,</strong></span> <span class='ocrx_word' id='word_1_211' title='bbox 675 3483 736 3547; x_wconf 91' lang='lat' dir='ltr'><strong>hoc</strong></span> <span class='ocrx_word' id='word_1_212' title='bbox 759 3507 822 3548; x_wconf 90' lang='lat' dir='ltr'><strong>non</strong></span> <span class='ocrx_word' id='word_1_213' title='bbox 846 3482 960 3569; x_wconf 88' lang='lat' dir='ltr'><strong>probat</strong></span> <span class='ocrx_word' id='word_1_214' title='bbox 967 3507 976 3562; x_wconf 83' lang='lat'><em>3</em></span> <span class='ocrx_word' id='word_1_215' title='bbox 1001 3485 1071 3569; x_wconf 91' lang='lat' dir='ltr'><strong>ipse</strong></span> <span class='ocrx_word' id='word_1_216' title='bbox 1094 3506 1215 3562; x_wconf 77' lang='lat' dir='ltr'><strong>„meum</strong></span> <span class='ocrx_word' id='word_1_217' title='bbox 1242 3491 1314 3548; x_wconf 74' lang='lat' dir='ltr'><strong>cor‘</strong></span> 
     </span>
     <span class='ocr_line' id='line_1_29' title="bbox 140 3584 1315 3670; baseline -0.001 -15"><span class='ocrx_word' id='word_1_218' title='bbox 140 3584 181 3655; x_wconf 45' lang='lat' dir='ltr'><strong>ut¹</strong></span> <span class='ocrx_word' id='word_1_219' title='bbox 207 3593 240 3654; x_wconf 92' lang='lat' dir='ltr'><strong>in</strong></span> <span class='ocrx_word' id='word_1_220' title='bbox 268 3592 355 3655; x_wconf 88' lang='lat' dir='ltr'><strong>Trin.</strong></span> <span class='ocrx_word' id='word_1_221' title='bbox 385 3615 413 3655; x_wconf 86' lang='lat' dir='ltr'><strong>v.</strong></span> <span class='ocrx_word' id='word_1_222' title='bbox 438 3595 501 3654; x_wconf 82' lang='lat'><strong>223</strong></span> <span class='ocrx_word' id='word_1_223' title='bbox 534 3612 622 3670; x_wconf 88' lang='lat' dir='ltr'><strong>„meo</strong></span> <span class='ocrx_word' id='word_1_224' title='bbox 653 3590 768 3654; x_wconf 83' lang='lat' dir='ltr'><strong>corde“</strong></span> <span class='ocrx_word' id='word_1_225' title='bbox 800 3589 911 3654; x_wconf 91' lang='lat' dir='ltr'><strong>scribit</strong></span> <span class='ocrx_word' id='word_1_226' title='bbox 943 3599 976 3654; x_wconf 89' lang='lat' dir='ltr'><strong>et</strong></span> <span class='ocrx_word' id='word_1_227' title='bbox 1009 3612 1136 3654; x_wconf 89' lang='lat' dir='ltr'><strong>versum</strong></span> <span class='ocrx_word' id='word_1_228' title='bbox 1168 3613 1315 3655; x_wconf 85' lang='lat' dir='ltr'><strong>mensura</strong></span> 
     </span>
     <span class='ocr_line' id='line_1_30' title="bbox 138 3678 1314 3783; baseline 0.001 -21"><span class='ocrx_word' id='word_1_229' title='bbox 138 3697 249 3762; x_wconf 86' lang='lat' dir='ltr'><strong>bacch.</strong></span> <span class='ocrx_word' id='word_1_230' title='bbox 272 3700 416 3763; x_wconf 89' lang='lat' dir='ltr'><strong>metitur:</strong></span> <span class='ocrx_word' id='word_1_231' title='bbox 452 3701 585 3783; x_wconf 79' lang='lat' dir='ltr'><strong>„sagitta</strong></span> <span class='ocrx_word' id='word_1_232' title='bbox 615 3697 733 3783; x_wconf 87' lang='lat' dir='ltr'><strong>cupide</strong></span> <span class='ocrx_word' id='word_1_233' title='bbox 757 3702 861 3761; x_wconf 76' lang='lat' dir='ltr'><strong>metm</strong></span> <span class='ocrx_word' id='word_1_234' title='bbox 890 3720 945 3760; x_wconf 89' lang='lat' dir='ltr'><strong>eor</strong></span> <span class='ocrx_word' id='word_1_235' title='bbox 967 3678 1155 3768; x_wconf 41' lang='lat' dir='ltr'><strong>transfixit&amp;</strong></span> <span class='ocrx_word' id='word_1_236' title='bbox 1201 3698 1314 3783; x_wconf 90' lang='lat' dir='ltr'><strong>Neque</strong></span> 
     </span>
     <span class='ocr_line' id='line_1_31' title="bbox 140 3803 1314 3890; baseline 0.001 -21"><span class='ocrx_word' id='word_1_237' title='bbox 140 3805 239 3869; x_wconf 87' lang='lat' dir='ltr'><strong>Klotz</strong></span> <span class='ocrx_word' id='word_1_238' title='bbox 268 3828 334 3869; x_wconf 93' lang='lat' dir='ltr'><strong>rem</strong></span> <span class='ocrx_word' id='word_1_239' title='bbox 366 3828 424 3870; x_wconf 90' lang='lat' dir='ltr'><strong>acu</strong></span> <span class='ocrx_word' id='word_1_240' title='bbox 453 3807 597 3890; x_wconf 81' lang='lat' dir='ltr'><strong>tetigisse</strong></span> <span class='ocrx_word' id='word_1_241' title='bbox 626 3803 786 3869; x_wconf 85' lang='lat' dir='ltr'><strong>Schoellio</strong></span> <span class='ocrx_word' id='word_1_242' title='bbox 815 3803 943 3868; x_wconf 67' lang='lat' dir='ltr'><strong>ridetur</strong></span> <span class='ocrx_word' id='word_1_243' title='bbox 973 3804 1109 3870; x_wconf 89' lang='lat' dir='ltr'><strong>dicenti:</strong></span> <span class='ocrx_word' id='word_1_244' title='bbox 1148 3805 1314 3884; x_wconf 85' lang='lat' dir='ltr'><strong>„Klotzius</strong></span> 
     </span>
     <span class='ocr_line' id='line_1_32' title="bbox 138 3911 1312 3998; baseline 0 -21"><span class='ocrx_word' id='word_1_245' title='bbox 138 3912 328 3977; x_wconf 88' lang='lat' dir='ltr'><strong>bacchiacos</strong></span> <span class='ocrx_word' id='word_1_246' title='bbox 352 3915 531 3998; x_wconf 86' lang='lat' dir='ltr'><strong>importune</strong></span> <span class='ocrx_word' id='word_1_247' title='bbox 552 3912 736 3976; x_wconf 83' lang='lat' dir='ltr'><strong>affectans“.</strong></span> <span class='ocrx_word' id='word_1_248' title='bbox 771 3911 960 3976; x_wconf 85' lang='lat' dir='ltr'><strong>Fleckeisen</strong></span> <span class='ocrx_word' id='word_1_249' title='bbox 984 3914 1017 3975; x_wconf 91' lang='lat' dir='ltr'><strong>in</strong></span> <span class='ocrx_word' id='word_1_250' title='bbox 1036 3914 1124 3976; x_wconf 90' lang='lat' dir='ltr'><strong>misc.</strong></span> <span class='ocrx_word' id='word_1_251' title='bbox 1141 3915 1209 3977; x_wconf 88' lang='lat' dir='ltr'><strong>crit.</strong></span> <span class='ocrx_word' id='word_1_252' title='bbox 1226 3936 1255 3998; x_wconf 94' lang='lat' dir='ltr'><strong>p.</strong></span> <span class='ocrx_word' id='word_1_253' title='bbox 1273 3916 1312 3977; x_wconf 79' lang='lat'><strong>37</strong></span> 
     </span>
     <span class='ocr_line' id='line_1_33' title="bbox 141 4018 1315 4105; baseline -0.001 -20"><span class='ocrx_word' id='word_1_254' title='bbox 141 4019 232 4085; x_wconf 92' lang='lat' dir='ltr'><strong>verbi</strong></span> <span class='ocrx_word' id='word_1_255' title='bbox 265 4021 397 4104; x_wconf 80' lang='lat' dir='ltr'><strong>sagittae</strong></span> <span class='ocrx_word' id='word_1_256' title='bbox 431 4019 561 4084; x_wconf 89' lang='lat' dir='ltr'><strong>alteram</strong></span> <span class='ocrx_word' id='word_1_257' title='bbox 594 4028 770 4104; x_wconf 86' lang='lat' dir='ltr'><strong>correptam</strong></span> <span class='ocrx_word' id='word_1_258' title='bbox 802 4018 928 4105; x_wconf 84' lang='lat' dir='ltr'><strong>probat,</strong></span> <span class='ocrx_word' id='word_1_259' title='bbox 961 4018 1046 4104; x_wconf 91' lang='lat' dir='ltr'><strong>quod</strong></span> <span class='ocrx_word' id='word_1_260' title='bbox 1076 4020 1183 4084; x_wconf 89' lang='lat' dir='ltr'><strong>Plauti</strong></span> <span class='ocrx_word' id='word_1_261' title='bbox 1212 4029 1315 4084; x_wconf 87' lang='lat' dir='ltr'><strong>aetate</strong></span> 
     </span>
     <span class='ocr_line' id='line_1_34' title="bbox 139 4126 1316 4216; baseline 0.002 -24"><span class='ocrx_word' id='word_1_262' title='bbox 139 4127 264 4192; x_wconf 88' lang='lat' dir='ltr'><strong>litterae</strong></span> <span class='ocrx_word' id='word_1_263' title='bbox 297 4129 474 4214; x_wconf 83' lang='lat' dir='ltr'><strong>geminatae</strong></span> <span class='ocrx_word' id='word_1_264' title='bbox 507 4126 646 4192; x_wconf 91' lang='lat' dir='ltr'><strong>nondum</strong></span> <span class='ocrx_word' id='word_1_265' title='bbox 681 4128 752 4190; x_wconf 92' lang='lat' dir='ltr'><strong>usui</strong></span> <span class='ocrx_word' id='word_1_266' title='bbox 781 4127 914 4206; x_wconf 81' lang='lat' dir='ltr'><strong>fuerint,</strong></span> <span class='ocrx_word' id='word_1_267' title='bbox 946 4136 979 4193; x_wconf 88' lang='lat' dir='ltr'><strong>at</strong></span> <span class='ocrx_word' id='word_1_268' title='bbox 1009 4128 1049 4194; x_wconf 84' lang='lat' dir='ltr'><strong>cf.</strong></span> <span class='ocrx_word' id='word_1_269' title='bbox 1082 4152 1111 4216; x_wconf 90' lang='lat' dir='ltr'><strong>p.</strong></span> <span class='ocrx_word' id='word_1_270' title='bbox 1136 4131 1187 4194; x_wconf 80' lang='lat'><strong>44.</strong></span> <span class='ocrx_word' id='word_1_271' title='bbox 1233 4127 1316 4194; x_wconf 88' lang='lat' dir='ltr'><strong>Mihi</strong></span> 
     </span>
    </p>
   </div>
   <div class='ocr_carea' id='block_1_7' title="bbox 0 0 1458 4710">
    <p class='ocr_par' dir='ltr' id='par_1_13' title="bbox 0 0 1458 4710">
     <span class='ocr_line' id='line_1_35' title="bbox 0 0 1458 4710; baseline 0 0"><span class='ocrx_word' id='word_1_272' title='bbox 0 0 1458 4710; x_wconf 95' lang='lat' dir='ltr'><strong> </strong></span> 
     </span>
    </p>
   </div>
  </div>
 </body>
</html>
