2904 4710
713 260 774 321 106

159 451 216 516 sed
239 452 367 517 licentia
389 474 575 537 nonraequa
598 455 719 518 ratione
743 454 784 519 ad
807 455 912 517 omnia
930 452 1085 518 vocabula
1107 456 1249 539 pertinet
1271 477 1338 519 nec

158 560 234 624 licet
256 560 365 639 verba,
398 582 477 645 quae
507 561 540 622 in
572 560 693 645 vulgari
723 560 947 647 pronuntiandi
975 583 1035 625 usu
1061 561 1152 625 aliter
1174 561 1339 626 sonabant

158 689 251 752 quam
269 666 489 733 scribebantur
504 689 579 760 oum*
591 668 702 731 Brixio
718 671 872 754 correptis
889 668 1102 733 adnumerare.
1140 667 1239 745 Quod
1256 691 1337 754 ergo

158 774 237 839 dicit
259 775 338 839 Brix
361 777 474 860 partim
498 775 705 861 probandum,
727 777 845 862 partim
868 775 1061 840 reiciendum
1084 776 1220 840 videtur.

264 881 407 968 Lindsay
434 905 535 968 nuper
557 885 606 947 in:
645 883 731 962 „The
760 883 883 968 journal
910 882 944 946 oi
967 883 1162 968 Philologie“
1185 907 1214 947 v.
1239 883 1337 946 XXI
1403 945 1406 951 .

157 1012 187 1075 p.
213 992 276 1054 198
301 1011 376 1074 sqq,
399 1013 428 1055 v.
451 988 560 1053 XXII
584 1013 613 1075 p.
638 994 656 1054 2
681 1013 748 1075 sqq.
771 990 828 1055 has
853 993 964 1055 statuit
986 991 1087 1075 leges:

267 1095 294 1160 I.
316 1120 335 1161 a
358 1098 462 1182 poetis
486 1098 637 1187 scaenicis
661 1120 722 1162 non
747 1107 907 1183 correptas
932 1120 1001 1162 esse
1025 1097 1175 1183 syllabas,
1204 1098 1269 1160 nisi
1299 1099 1336 1161 in

316 1204 441 1289 vulgari
463 1204 548 1268 illius
572 1206 684 1268 aetatis
708 1207 963 1290 pronuntiatione
987 1213 1149 1290 correptae
1173 1206 1247 1267 sint.

249 1311 293 1374 Π.
316 1310 396 1396 lege,
419 1333 499 1396 quae
522 1309 646 1390 „brevis
669 1311 835 1376 brevians“
859 1321 999 1390 vocatur,
1022 1335 1181 1396 nunquam
1200 1313 1335 1376 vocales

315 1428 428 1482 natura
450 1419 560 1504 longas
584 1418 713 1504 syllabis
736 1419 882 1483 finalibus
906 1421 1048 1505 exceptis
1069 1428 1232 1504 correptas
1250 1442 1334 1484 esse.

263 1525 361 1590 Putat
375 1527 472 1612 igitur
487 1525 634 1590 Plautum
652 1549 829 1590 sermonem
844 1527 1006 1612 vulgarem
1024 1527 1071 1592 ibi
1088 1549 1157 1590 esse
1174 1536 1335 1606 secutum,

156 1633 211 1699 ubi
243 1642 378 1697 metrum
410 1633 592 1717 postulabat
622 1635 642 1697 i.
666 1656 691 1698 c.
714 1633 773 1713 ibi,
804 1634 860 1698 ubi
883 1633 1015 1699 verbum
1039 1670 1059 1700 υ
1072 1674 1097 1680 -
1110 1674 1135 1680 -
1148 1665 1167 1698 υ
1191 1634 1333 1698 formam

155 1740 274 1805 habens
298 1763 361 1805 non
385 1749 452 1805 erat
475 1749 597 1826 aptum,
629 1740 690 1805 hoc
714 1751 819 1806 autem
843 1741 1012 1806 admodum
1035 1765 1139 1806 rarum
1162 1741 1264 1806 fuisse
1288 1742 1332 1806 cf.

155 1872 184 1912 v.
208 1847 316 1912 XXII
339 1872 369 1934 p.
394 1853 423 1912 3.

261 1955 341 2020 Cum
373 1954 434 2020 hoc
463 1957 533 2020 viro
564 1955 710 2039 equidem
742 1959 918 2036 consentio,
952 1980 1025 2021 nam
1048 1957 1216 2036 vocabula,
1246 1981 1331 2044 quae

154 2072 301 2148 correpta
333 2085 403 2126 esse
436 2062 655 2140 concedimus,
689 2086 768 2149 quae
803 2065 865 2129 alio
899 2065 994 2128 modo
1027 2066 1230 2150 interpretari
1265 2089 1330 2129 non

154 2192 330 2256 possumus,
353 2172 458 2234 omnia
479 2202 498 2235 υ
512 2210 537 2217 -
550 2211 576 2218 -
589 2199 608 2234 υ
625 2171 758 2234 formam
775 2171 893 2236 habent
914 2182 970 2236 aut
993 2195 1029 2236 ea
1051 2174 1215 2257 incipiunt.
1252 2172 1328 2236 Per-

153 2277 297 2357 difficile,
326 2301 366 2341 ne
390 2277 496 2342 dicam
518 2278 724 2364 impossibile,
752 2288 857 2343 autem
880 2288 931 2343 est
952 2279 1011 2344 hac
1033 2279 1136 2343 forma
1159 2279 1199 2343 ad
1222 2281 1329 2345 iustos

153 2408 299 2449 numeros
315 2384 495 2449 reddendos
518 2388 574 2449 uti.
613 2386 702 2463 Quid
717 2388 829 2449 mirum
846 2386 1003 2465 Plautum,
1026 2389 1143 2472 quippe
1160 2389 1215 2473 qui
1230 2386 1329 2451 homo

153 2495 289 2557 rusticus
314 2502 411 2570 esset,
433 2493 522 2572 locis,
546 2493 660 2578 quibus
684 2522 704 2557 υ
717 2533 781 2540 --
794 2522 813 2557 υ
837 2494 939 2558 forma
961 2517 1023 2557 non
1048 2494 1235 2578 quadrabat,
1268 2495 1328 2558 sed

153 2633 171 2667 υ
184 2636 200 2666 υ
214 2642 238 2648 -
255 2636 272 2666 u
293 2609 393 2664 metro
417 2599 648 2686 postulabatur,
672 2601 761 2685 vulgi
784 2624 973 2681 sermonem,
996 2624 1059 2686 quo
1082 2601 1180 2665 altera
1203 2601 1328 2687 syllaba

152 2707 262 2771 talium
287 2706 511 2772 vocabulorum
536 2709 603 2771 sine
626 2710 693 2772 ictu
717 2718 749 2771 et
772 2718 905 2773 accentu
929 2732 999 2773 cum
1021 2709 1082 2773 alia
1100 2711 1166 2773 ictu
1190 2719 1327 2774 accentu

153 2837 213 2899 que
246 2815 389 2901 praedita
421 2817 565 2900 proxima
598 2825 696 2894 esset,
731 2838 830 2901 paene
859 2817 1096 2901 neglegebatur,
1119 2815 1328 2881 adhibuisse?

152 2921 204 3005 (cf.
228 2924 324 2985 etiam
346 2922 450 2985 Brixii
473 2924 661 2986 sententiam
668 2947 677 3002 3
701 2921 866 2988 Skutschii
889 2924 994 2988 adnot.
1018 2923 1035 2986 Ι
1059 2924 1100 2988 ad
1123 2948 1152 3010 p.
1177 2929 1210 2988 7:
1245 2948 1327 3002 „nur

151 3053 202 3092 um
228 3032 297 3093 eine
321 3028 564 3115 sprachliohe
581 3030 800 3116 Erscheinung
815 3031 900 3095 kann
924 3054 957 3095 es
982 3031 1048 3094 sich
1065 3030 1210 3109 handeln,
1234 3031 1327 3095 nicht

151 3159 203 3201 um
228 3138 298 3200 eine
321 3135 516 3216 metrische“,
540 3136 682 3223 Lindsay
706 3162 735 3202 v.
759 3138 849 3201 XXI
871 3162 902 3225 p.
927 3142 1011 3221 200).

257 3243 391 3329 Semper
421 3254 526 3309 autem
557 3254 593 3309 ut
622 3247 684 3309 iam
714 3245 854 3310 indicavi
883 3246 1045 3311 observari
1073 3246 1170 3310 debet
1192 3268 1262 3310 esse
1287 3248 1326 3311 li-

150 3353 302 3431 centiam3
331 3375 432 3436 neque
462 3354 544 3416 enim
567 3361 674 3416 tantus
699 3361 749 3416 est
770 3376 920 3417 numerus
944 3360 1158 3439 correptorum
1182 3353 1325 3419 vocabu-

149 3459 259 3537 lorum,
275 3468 310 3522 ut
325 3460 426 3544 legem
443 3460 606 3524 universas
624 3482 720 3524 voces
736 3460 887 3525 iambicas
904 3461 1166 3546 complectentem
1183 3471 1324 3526 statuere

148 3566 244 3630 liccat
265 3566 317 3631 vel
341 3590 377 3630 ea
397 3566 437 3631 de
454 3590 557 3646 causa,
578 3568 664 3652 quod
679 3590 741 3630 non
759 3578 922 3654 correptae
938 3568 1087 3632 videntur
1102 3571 1163 3633 nisi
1180 3568 1324 3653 syllabae

148 3675 305 3758 positione
336 3674 447 3759 longae
479 3683 511 3738 et
541 3675 625 3759 quod
657 3674 766 3739 eadem
797 3676 964 3755 vocabula,
997 3699 1077 3761 quae
1101 3679 1324 3762 corripiuntur,

148 3781 247 3845 multo
278 3782 403 3867 saepius
434 3781 532 3846 altera
562 3782 655 3868 longa
685 3783 845 3867 leguntur,
878 3792 911 3847 et
942 3783 1027 3868 quod
1060 3784 1152 3869 longe
1184 3786 1325 3850 maxima

148 3911 221 3974 pars
244 3911 307 3952 non
324 3897 468 3975 correpta
492 3898 548 3952 est.
582 3889 679 3954 Unde
695 3900 827 3976 apparet
842 3890 989 3955 Plautum
1007 3914 1068 3955 non
1084 3890 1142 3955 hac
1159 3892 1323 3970 „lioentia“

147 4019 238 4060 usum
263 4019 332 4059 cssc
355 3997 417 4059 nisi
441 3998 629 4061 necessitato
653 4006 806 4063 coactum.
