2904 4710
698 253 741 313 46

614 342 827 349 *-

132 453 313 530 „sequestro
337 444 414 507 mihi
437 444 568 509 datast“.
607 444 717 510 Verbo
741 447 871 524 „immo“
894 445 1086 509 contrarium
1109 445 1177 508 eius
1183 492 1192 522 ,
1220 444 1310 528 quod

133 553 279 638 Dorippa
302 551 392 631 dixit,
415 575 524 616 verum
541 575 610 616 esse
627 555 784 638 exprimit,
809 553 938 616 verbum
962 553 1044 631 „sic“
1067 559 1173 615 autem
1196 552 1232 614 in
1249 551 1311 616 hac

135 661 292 724 sententia
315 659 408 745 plane
432 668 483 724 est
504 682 780 746 supervacaneum.
818 658 978 744 Equidem
999 667 1078 744 puto
1103 680 1207 722 errore
1233 681 1313 744 quo-

136 767 209 831 dam
226 790 265 831 ex
280 769 372 831 initio
390 766 479 831 verbi
502 775 702 851 „sequestr0“
726 768 806 844 „sie“
829 765 1015 852 particulam
1037 765 1117 830 falso
1133 767 1313 851 irrepsisse.

137 874 220 938 Sane
243 874 304 938 hoc
326 876 389 938 iam
405 876 541 959 antiquis
557 873 754 959 temporibus
770 874 891 939 lactum
908 896 978 938 esse
994 871 1099 952 debet,
1122 895 1195 936 oum
1211 874 1312 938 etiam

135 981 251 1046 Festus
275 983 356 1060 „sic“
381 981 500 1066 legerit

243 1088 375 1154 Vetusti
398 1086 565 1173 legendum
589 1096 674 1151 esset
695 1089 727 1150 in
756 1088 848 1152 Cure.
874 1111 904 1153 e.
929 1091 975 1152 98
1004 1089 1031 1151 si
1062 1086 1212 1151 librorum
1245 1109 1312 1151 me·

136 1198 265 1260 mor-iam
282 1194 501 1281 probaremus:
526 1195 631 1273 „salve
646 1194 819 1277 anim(ul>e
836 1196 887 1273 mi,
903 1194 993 1259 Libri
1008 1193 1114 1280 lepos!
1138 1203 1174 1258 ut
1189 1196 1312 1259 veteris

136 1305 254 1369 vetusti
278 1301 395 1388 cupida
417 1309 510 1366 sum“.

243 1410 381 1474 Mueller
411 1409 504 1473 iamb.
529 1417 633 1479 oetom
665 1432 735 1473 csse
758 1418 850 1494 putat
880 1418 913 1473 et
936 1410 1070 1473 mititur:
1102 1412 1225 1487 „anime
1258 1411 1314 1486 mi,

136 1518 246 1583 Liberi
269 1518 368 1603 lepos,
391 1526 427 1581 ut
449 1519 568 1581 veteris
590 1519 709 1580 vetusti
733 1515 848 1601 cupida
871 1523 959 1580 sum“
982 1515 1121 1602 Spengel
1143 1517 1176 1579 in
1201 1515 1313 1602 philol.

138 1651 166 1691 v.
190 1625 315 1691 XXVI
338 1648 368 1710 p.
388 1627 451 1688 356
475 1633 562 1689 recte
586 1623 726 1688 offendit
748 1625 781 1687 in
805 1625 1025 1688 coniunctione
1046 1624 1212 1688 verborum
1237 1646 1312 1703 „ve-

136 1736 214 1798 teris
245 1733 382 1798 vetusti“
399 1744 504 1816 ¹qnam
536 1731 672 1795 Mueller
700 1729 825 1816 probat,
855 1753 926 1794 cum
957 1740 1068 1809 „vetus
1099 1739 1132 1794 et
1160 1732 1312 1816 antiquus

138 1843 262 1926 saepius
278 1842 361 1904 inter
377 1863 410 1903 se
427 1841 682 1924 coniungantnr“.
717 1837 857 1902 Accedit
869 1839 931 1902 alia
946 1860 1057 1902 eausa:
1078 1861 1108 1903 v.
1122 1841 1162 1902 96
1176 1838 1315 1917 Leaena,

137 1971 217 2033 quae
240 1949 307 2011 vini
330 1947 536 2032 cupidissima
559 1954 608 2009 est
630 1945 729 2024 „flore
753 1947 870 2009 veteris
894 1947 978 2009 ιιίιία
1002 1968 1036 2008 se
1059 1947 1145 2009 intus
1168 1954 1315 2030 protrac-

136 2065 202 2119 tam
225 2077 296 2118 esse
320 2053 409 2118 dixit.
456 2053 523 2118 Ubi
552 2055 676 2116 invenit
703 2076 825 2116 summo
853 2052 969 2138 gaudio
993 2052 1114 2117 affecta
1136 2052 1314 2117 exclamat:

137 2162 261 2241 ‚,salve“
277 2169 351 2242 cett
386 2158 452 2223 Cur
466 2182 550 2223 nunc
573 2161 708 2238 „veteris
725 2161 861 2223 vetusti“
881 2159 967 2224 dicat
982 2183 1045 2223 non
1061 2159 1174 2223 elucet.
1204 2160 1315 2224 Mrdto

138 2271 242 2355 aptius
267 2277 317 2332 est
340 2290 407 2331 eam
431 2266 531 2330 isdem
557 2265 673 2344 verbiS,
697 2265 811 2350 quibus
832 2275 926 2330 antea
942 2268 1049 2330 vinum
1074 2267 1210 2330 salutare
1217 2291 1226 2346 3
1250 2289 1316 2351 qua

138 2376 178 2440 de
202 2399 297 2440 cansa
313 2373 521 2438 Lindemanni
538 2375 744 2437 mutationem
760 2375 897 2453 „veteris
914 2375 999 2437 vini‘
1022 2373 1131 2459 probo.
1162 2372 1315 2439 Ceterum

138 2506 249 2547 versus
278 2506 341 2546 non
372 2490 426 2545 est
452 2481 545 2544 iamb
569 2489 672 2545 octon.
697 2479 753 2544 sed
777 2489 897 2566 septen
920 2503 1009 2566 anap.
1033 2503 1127 2565 quem
1155 2482 1201 2544 sie
1224 2480 1315 2566 lego:

139 2598 243 2674 „salve
266 2575 403 2660 :inimule
426 2573 479 2672 mi,
503 2590 613 2658 Liberi
637 2592 739 2679 lepr,
768 2573 803 2657 ut
830 2573 946 2658 veteris
971 2607 1040 2656 vini
1063 2617 1133 2657 sum
1157 2572 1316 2680 eripida“;

139 2727 201 2768 nou
225 2727 296 2767 oum
314 2702 449 2766 Goetzio
465 2702 549 2765 facio
565 2703 723 2765 metienti:
747 2700 883 2778 „salve
877 2700 1012 2764 :tuimule
1036 2704 1079 2762 ml
1096 2699 1205 2764 Liberi
1222 2699 1315 2786 lepos

139 2819 216 2889 eet“,
246 2833 316 2874 cum
349 2811 393 2887 „i‘
416 2811 448 2872 in
478 2807 627 2887 „L'r'beri“
657 2830 720 2870 non
750 2809 866 2892 corripi
896 2830 991 2892 posse
1021 2816 1137 2893 putem.
1194 2806 1316 2872 Goetz-

140 2918 267 2983 Schoell
291 2920 323 2980 in
348 2916 488 2981 editione
516 2917 636 2978 minore
666 2916 734 2978 sine
764 2913 895 2993 ictibus,
923 2917 997 2998 quia
1020 2923 1120 2978 metra
1143 2916 1317 2981 incertiora

139 3029 184 3089 eis
211 3024 415 3100 ridebantur,
443 3025 490 3087 sic
514 3023 723 3107 seripserunt:

353 3135 436 3195 aaa:
483 3130 579 3209 salve,
602 3131 705 3192 anime
729 3131 780 3205 mi,
804 3127 912 3192 Liberi
936 3129 1023 3213 lepos
1030 3154 1038 3207 ;

353 3238 435 3302 aab:
482 3237 530 3302 Ut
552 3239 669 3300 veteris
693 3238 813 3300 vetusti
837 3235 953 3320 cupida
977 3259 1055 3299 sum.

246 3348 313 3410 Leo
336 3347 464 3408 minima
488 3345 660 3407 mutatione
685 3366 760 3407 usus
785 3345 831 3406 sie
855 3366 883 3406 v.
907 3343 970 3427 logi
994 3343 1077 3407 vult:

403 3452 509 3532 „salve
534 3452 635 3514 trime
659 3453 711 3528 mi,
734 3450 843 3514 Liberi
867 3450 964 3534 lepos.

405 3569 440 3623 ut
463 3560 579 3623 veteris
603 3568 696 3622 vetus
719 3561 767 3622 tui
790 3557 906 3643 cupida
930 3565 1025 3620 sum“.

193 3744 225 3824 β)
249 3749 363 3814 verba,
387 3762 532 3815 quorum
556 3748 660 3801 altera
684 3746 814 3813 syllaba
837 3748 956 3800 natura
979 3747 1077 3813 longa
1101 3745 1136 3799 in
1158 3745 1269 3813 libris'

570 3856 728 3920 correpta
750 3853 883 3921 legitur.

245 3979 345 4045 amica
368 3980 521 4066 praebent
544 3979 605 4042 BC
629 3981 660 4042 in
687 3980 786 4042 allel.
809 4002 834 4042 r.
861 3983 945 4042 700:
971 3977 1088 4054 „antica
1111 3987 1182 4040 uter
1205 3977 1310 4042 utrobi

138 4088 376 4155 accumbamus“
403 4091 432 4151 A
456 4088 564 4152 habet:
589 4110 638 4165 „m
652 4135 658 4148 .
673 4135 679 4149 .
692 4135 699 4148 .
712 4094 798 4150 com“
823 4085 862 4149 ad
879 4108 956 4170 quas
973 4085 1093 4149 litteras
1111 4083 1311 4150 Studemund
