2904 4710
279 1333 377 1445 Ante
411 1381 579 1445 nonnullos
618 1402 717 1444 annos
756 1381 886 1465 scripsit
919 1379 1211 1465 Leppermannl)
1251 1401 1336 1445 com-

165 1489 389 1552 mentationem
421 1487 644 1573 philologicam
674 1486 715 1551 de
745 1488 945 1572 correptione
970 1485 1194 1551 vocabrdorum
1225 1491 1337 1552 natura

164 1594 385 1670 iambicorum,
415 1616 477 1679 qua
500 1593 632 1658 Plautus
662 1595 695 1656 in
718 1592 899 1658 fabularum
922 1616 1048 1658 suarum
1071 1593 1217 1659 iambicis
1240 1603 1335 1679 atque

164 1701 331 1766 trochaicis
348 1703 479 1766 senariis
496 1708 529 1765 et
544 1702 732 1786 septenariis
751 1723 827 1765 usus
844 1708 907 1781 est3
931 1723 994 1786 qua
1009 1700 1128 1780 docuit,
1151 1710 1184 1766 et
1199 1710 1336 1786 quantus

165 1816 250 1873 esset
271 1831 421 1873 numerus
444 1831 508 1872 non
531 1816 749 1894 correptorum
774 1807 998 1872 vocabulorum
1022 1831 1080 1894 pro
1104 1809 1271 1893 correptis,
1303 1817 1337 1873 et

165 1939 245 2000 qnae
261 1939 377 2001 genera
400 1917 600 2001 potissimum
619 1916 813 2000 correptioni
835 1914 973 1980 obnoxia
996 1923 1111 1979 essent.
1145 1914 1220 1979 Non
1235 1915 1335 1980 multo
1445 1984 1448 1991 ,

163 2030 238 2108 post
269 2021 483 2104 Boehmer2)
515 2022 740 2086 Terentianum
779 2045 872 2086 usum
905 2021 1076 2086 eorundem
1109 2020 1336 2087 vocabulorum

164 2137 380 2214 perscrutatus
413 2138 470 2193 est.
515 2128 562 2192 Hi
595 2130 655 2194 viri
687 2128 775 2193 docti
804 2130 855 2193 nsi
885 2137 960 2193 sunt
989 2128 1265 2194 observationibus
1295 2128 1335 2194 G.

163 2235 401 2317 Hermannissl
425 2244 458 2300 et
472 2235 509 2300 F.
526 2235 748 2315 Ritschelii,
771 2235 885 2321 quibus
909 2245 1043 2322 apparet
1065 2236 1225 2322 duplicem
1250 2236 1336 2323 apud

164 2343 324 2406 Romanos
347 2342 528 2429 prosodiam
552 2345 585 2406 in
610 2366 669 2407 usu
691 2342 805 2422 fnisse,
833 2344 962 2408 alteram
985 2343 1149 2429 vulgarem
1172 2345 1336 2429 pronunti·
1418 2374 1433 2387 =

165 2450 302 2512 ationem
335 2458 518 2534 sequentem
551 2471 665 2534 magna
696 2472 736 2513 ex
770 2459 859 2536 parte
897 2472 936 2513 ex
968 2458 1102 2514 accentu
1134 2450 1335 2537 pependisse,

165 2555 294 2619 alteram
330 2555 405 2620 inde
441 2555 481 2620 ab
512 2555 617 2619 Ennio
649 2547 833 2621 introducto
868 2579 962 2621 versu
997 2556 1125 2621 heroico
1160 2559 1335 2622 severiores

165 2660 360 2727 Graecorum
377 2662 465 2748 leges
489 2671 630 2727 secutam
654 2685 732 2727 esse.
767 2662 861 2726 Illam
877 2686 895 2728 a
910 2665 1014 2749 poetis
1031 2665 1194 2742 scaenicis,
1217 2666 1335 2751 quippe

164 2771 218 2854 qui
241 2770 426 2856 plerumque
449 2768 593 2834 homines
618 2792 635 2834 e
658 2769 752 2855 plebe
777 2778 862 2834 ortos
886 2778 959 2834 ante
983 2770 1092 2835 oculos
1115 2780 1339 2857 proponerent,

163 2875 337 2941 adhibitam
360 2899 430 2941 esse
446 2876 650 2941 manifestum
666 2886 723 2956 est,
746 2878 930 2963 praesertim
948 2878 984 2956 si,
1008 2885 1043 2941 ut
1058 2875 1199 2957 Plautus,
1222 2887 1335 2963 poetae

163 2985 226 3069 ipsi
248 2983 391 3048 homines
415 2985 528 3048 rustici
551 2991 648 3048 erant.
690 2983 954 3070 Leppermann
977 2985 1073 3069 igitur
1096 2993 1129 3049 et
1150 2984 1336 3049 Boehmer

163 3092 398 3155 accuratissime
422 3092 640 3177 perquirentes
665 3091 805 3176 singulos
828 3090 1008 3156 fabularum
1025 3113 1137 3156 versus
1161 3091 1334 3156 secundum

162 3198 287 3262 illorum
320 3219 461 3262 normam
492 3219 569 3284 quas
600 3197 641 3262 de
671 3199 827 3283 correptis
855 3196 1019 3263 vocabulis
1049 3220 1149 3283 usque
1180 3197 1221 3263 ad
1248 3198 1334 3263 illam

97 3359 101 3365 .
161 3313 298 3369 aetatem
332 3306 505 3369 sententias
545 3305 742 3391 protulerant
775 3305 837 3370 viri
871 3304 960 3370 docti
997 3306 1111 3392 partim
1149 3306 1335 3384 reiecerunt,

163 3413 277 3497 partim
301 3411 503 3497 conigendas
527 3434 597 3477 esse
620 3412 884 3477 demonstrarunt

270 3608 290 3676 1)
314 3608 352 3661 H.
377 3607 626 3678 Leppermann:
663 3606 708 3661 Dc
727 3607 899 3677 correptione
924 3605 1121 3661 vocabulorum
1144 3606 1333 3675 iambicorum,

162 3714 232 3768 quae
259 3696 334 3767 apud
353 3697 485 3750 Plautum
511 3697 540 3750 in
565 3696 679 3750 senariis
705 3701 788 3767 atque
813 3696 975 3766 septenariis
998 3695 1123 3751 iambicis
1142 3702 1170 3751 et
1188 3696 1333 3751 trochaicis

161 3787 309 3840 invenitur.
347 3786 510 3840 Monasterii
529 3785 739 3841 Guestfalorum
758 3785 950 3840 Mucuuxu

270 3875 290 3943 ⁷)
309 3875 343 3928 A.
359 3874 535 3929 Boehmer:
563 3875 607 3929 De
626 3875 797 3946 correptione
815 3874 1013 3929 vocabulorum
1033 3879 1134 3929 natura
1151 3874 1333 3930 iambioorum

161 3965 334 4020 Terentiana.
372 3964 533 4019 Monasterii
553 3964 662 4019 Guestf.
682 3963 891 4019 MDOOGXGI.

270 4054 289 4122 Β)
316 4054 350 4109 G.
378 4053 568 4107 Hermann:
606 4053 753 4107 Elementa
780 4053 921 4108 doctrinae
940 4053 1077 4108 metricae.
1115 4054 1225 4125 Lipsiae
1254 4054 1331 4108 1816.

161 4161 187 4214 p.
207 4146 239 4200 61
260 4161 318 4214 sqq.
